3217 5025
622 602 847 669 -57-

201 777 340 866 eiusque
362 777 455 844 filius
479 778 640 845 Arsenins
664 782 912 864 congesserunt.
950 779 996 846 Ut
1012 779 1271 867 quamplurima

124 893 127 900 '
201 906 395 952 enumcrare
420 888 534 972 posset
549 886 734 972 proverbia,
759 888 935 973 scriptores
952 881 1107 969 Graecos,
1134 885 1269 971 scholia,

199 992 308 1059 lexica
342 991 504 1080 expilavit
534 992 729 1080 Apostolius
765 996 799 1060 et
834 1014 921 1080 quae
960 990 1205 1080 quodammodo
1240 995 1272 1060 ei

201 1098 403 1166 videbantur
432 1099 555 1167 idonea
585 1098 724 1167 adiectis
747 1100 859 1167 verbis
882 1099 1105 1168 solemnibus:
1134 1103 1184 1166 aa
1205 1109 1271 1189 τῷν

199 1210 261 1272 κτλ.
294 1207 344 1273 ita
374 1207 530 1291 mutavit,
564 1210 604 1273 ut
631 1207 797 1294 proverbii
828 1207 935 1274 simile
959 1207 1038 1295 quid
1062 1209 1269 1275 exsisteret.“

199 1311 300 1379 Haud
323 1312 459 1380 difficile
483 1317 535 1380 est
557 1314 740 1400 intellectu,
765 1312 931 1401 quomodo
954 1313 1029 1381 fieri
1051 1315 1207 1404 potuerit,
1231 1319 1272 1382 ut

200 1422 376 1507 scriptores
392 1420 570 1509 Byzantini
586 1423 758 1505 negotium
773 1424 845 1488 tam
857 1422 977 1488 inutile
990 1421 1149 1489 subirent.
1183 1421 1271 1488 Nam

199 1548 280 1595 voce
297 1530 451 1614 παροιμία
464 1549 532 1594 non
545 1549 585 1595 ea
598 1528 845 1613 significabant,
864 1550 950 1615 quac
963 1550 1025 1595 nos
1037 1529 1087 1595 ita
1103 1528 1270 1616 appellare

199 1633 357 1719 solemus,
382 1634 441 1701 sed
465 1634 585 1702 breves
606 1635 793 1702 sententias
816 1625 851 1701 ct
865 1633 1026 1702 formulas
1043 1635 1270 1722 cuiuscunque

199 1739 289 1808 modi
319 1744 492 1827 παροιμίας
526 1741 692 1809 nominari
726 1763 825 1828 posse
861 1742 1056 1828 censebant,
1091 1763 1167 1808 cum
1201 1763 1270 1809 non

200 1847 385 1931 cogitarent
415 1847 456 1916 de
487 1848 618 1934 vulgari
649 1850 773 1932 origine
805 1852 840 1915 ct
870 1871 935 1916 usu
958 1848 1012 1936 (cf.
1036 1847 1173 1917 Krnmb.
1196 1848 1269 1933 Mgs

198 1976 228 2041 p.
244 1955 323 2043 7sq.
347 1958 382 2022 et
405 1955 474 2024 ceu
497 1956 601 2043 Mosq.
624 1979 654 2043 p.
668 1948 812 2045 344sq.).
865 1956 945 2023 Inde
976 1955 1106 2023 factum
1137 1960 1198 2040 cst,
1231 1960 1271 2022 ut

198 2063 329 2149 proprio
352 2062 487 2148 negotio
511 2064 594 2129 talia
616 2084 816 2151 praeparare
838 2066 873 2130 et
889 2064 931 2131 ab
949 2063 1103 2131 omnibns
1118 2064 1270 2149 partibus

199 2168 348 2236 conferre
383 2191 451 2237 non
486 2168 689 2237 dubitarent.
746 2170 865 2257 Itaque
901 2168 1103 2254 cavendum,
1139 2191 1182 2236 ne
1217 2171 1271 2237 cui

200 2277 361 2344 eiusmodi
393 2276 481 2344 dicto
513 2276 583 2344 ulla
614 2278 798 2344 auctoritas
822 2277 920 2365 quasi
942 2276 1073 2361 vulgari
1095 2277 1269 2364 proverbio

198 2384 376 2468 tribuatur,
409 2406 485 2451 cum
516 2383 598 2451 nihil
621 2383 711 2451 aliud
736 2384 805 2450 sint
828 2384 894 2450 nisi
918 2406 1002 2473 opus
1024 2383 1164 2467 frigidae
1189 2384 1269 2450 doc-

196 2492 305 2558 trinae
328 2511 439 2579 nequo
463 2490 569 2559 ullum
592 2491 743 2559 habeant
764 2494 955 2559 contectum
972 2513 1048 2558 cum
1063 2491 1164 2575 vulgo
1177 2491 1269 2558 eius-

197 2621 262 2686 que
285 2600 367 2667 vita.
413 2598 505 2681 Quae
530 2621 606 2667 cum
628 2601 679 2666 ita
701 2601 778 2686 sint,
802 2599 947 2666 fortasse
971 2620 989 2665 e
1012 2620 1047 2665 re
1068 2599 1130 2665 erit
1146 2619 1269 2683 cogno-
1376 2632 1378 2635 ·

197 2705 323 2774 scenda
352 2706 488 2774 reddere
516 2706 601 2774 haec
625 2706 715 2773 dicta
739 2705 829 2795 apud
851 2706 1063 2793 Apostolium
1088 2726 1127 2772 ac
1155 2706 1196 2772 de
1221 2706 1269 2771 cis

196 2813 298 2901 paulo
322 2813 512 2881 accuratius
536 2813 718 2900 disputare,
751 2835 793 2880 nc
826 2815 900 2900 quis
923 2816 1044 2901 postea
1066 2811 1102 2878 in
1126 2833 1269 2879 errorem

196 2921 323 2988 incidat
365 2942 406 2987 ea
447 2921 594 3005 genuina
628 2921 805 3007 proverbia
847 2942 921 2987 esse
966 2920 1080 3007 cisque
1114 2941 1268 3007 perverse

198 3028 359 3094 abutatur
390 3028 477 3094 sicut
507 3024 800 3115 saepius'sactum
829 3049 903 3095 esse
935 3029 1070 3095 constat
1093 3027 1142 3109 tcf.
1165 3026 1269 3093 Hiller

197 3133 314 3202 Philol.
330 3135 374 3201 34
397 3157 427 3222 p.
443 3135 509 3201 230
533 3138 568 3202 et
591 3134 726 3201 Crusius
749 3135 827 3202 ibid.
851 3135 895 3201 50
918 3157 947 3221 p.
965 3135 1030 3222 30).

287 3331 383 3397 Talia
394 3330 699 3419 pseudoproverbia
715 3331 804 3418 apud
820 3331 1032 3419 Apostolium
1044 3330 1129 3397 hacc
1140 3329 1266 3396 inveni:

212 3455 227 3520 I
250 3455 271 3520 9
290 3457 428 3540 Ἀγαθὸς
450 3459 581 3542 ψάλτης,
606 3458 731 3540 ἀγαθὸς
754 3460 939 3542 ζωμοποιός

226 3562 270 3627 42
290 3563 395 3628 Ἀετὸν
417 3565 548 3649 κορώνη
573 3566 729 3648 ἐρεσχελεῖ

228 3670 271 3734 56
290 3671 477 3754 Ἀθύραιιον
500 3673 601 3755 στόμα

226 3775 270 3843 76
293 3778 470 3860 Αἰγιθάλου
493 3780 724 3863 τολμηρότερος

227 3883 271 3951 78
293 3868 417 3950 Αἶέτιοι
439 3886 531 3970 χάριν
554 3868 667 3952 tutiore

197 3988 227 4055 Π
252 3990 267 4055 1
289 3993 527 4077 Ἀκαὸημίηθεν
549 3994 636 4076 ἥκεις

234 4097 273 4164 13
293 4100 490 4182 Ἀλεκτρύων
512 4101 652 4184 ἐπιπηόᾷ

231 4205 274 4272 38
293 4208 493 4290 Ἀλκήοτιόος
516 4208 643 4291 ἀνδρεία
