3217 5025
783 572 1006 636 -30-

361 756 502 835 κέραμος
526 752 560 816 δὲ
583 754 695 833 γίνεται
718 752 752 815 et
774 749 809 813 in
833 748 925 814 Plan.
950 747 1020 813 coll.
1045 769 1075 811 n.
1099 747 1180 813 206:
1206 748 1246 812 ‘O
1267 748 1367 830 πηλὸς
1390 752 1429 812 ἂν

360 860 406 942 μὴ
430 860 548 941 τύφθη,
572 860 713 940 κέραμος
737 859 775 921 οὐ
799 859 951 939 γίγνειται,
998 853 1044 920 Cf.
1069 853 1148 919 Oto
1172 875 1203 918 n.
1224 854 1316 919 1255.

450 963 510 1028 XII
525 964 588 1029 100
597 964 706 1047 Ὄρνις
722 967 829 1046 ζητεῖς,
846 965 985 1045 ἀνέμους
999 964 1162 1045 θηρεύειςτ
1187 963 1236 1025 ἐπὶ
1251 967 1316 1025 τῶν
1326 964 1428 1043 μάτην

246 1062 252 1076 ’
331 1113 335 1119 ·
361 1074 548 1137 κοπιόντιον.

450 1178 639 1242 Rectiorem
662 1177 861 1261 scripturam
876 1178 1065 1240 κοπιώντων
1081 1174 1243 1261 praebent
1259 1172 1351 1240 codd.
1363 1172 1428 1237 ΑΖ

294 1299 297 1305 ’
362 1284 438 1349 vide
455 1283 567 1349 adnot.
590 1283 686 1347 Prius
701 1282 915 1367 proverbium
930 1281 1055 1347 Erasm.
1067 1281 1118 1362 ΙΠ,
1136 1282 1165 1363 3,
1176 1280 1221 1345 44
1237 1280 1428 1365 explicavit:

362 1393 453 1456 Aves
477 1390 619 1475 quaeris.
665 1389 748 1454 Rem
772 1409 895 1470 vagam
920 1391 955 1452 et
971 1391 1072 1474 captu
1089 1386 1254 1452 difficilem
1271 1387 1427 1473 sequeris

450 1495 526 1560 XIII
542 1496 563 1560 2
580 1496 680 1579 Ὄρος
703 1498 769 1579 ὄρει
793 1498 832 1559 οὐ
847 1499 998 1578 μίγνυται,
1023 1497 1199 1576 ἄνθρωπος
1215 1496 1428 1576 δ’ἀνθρώπῳῑ

363 1606 412 1667 ἐπὶ
434 1610 498 1667 τῶν
522 1596 725 1685 ἀσυμπαθῶς
747 1604 829 1686 πρός
851 1627 935 1673 τινας
959 1603 1174 1684 διακειμένων.

451 1708 502 1773 Ex
514 1690 686 1795 Apostolio
704 1709 848 1793 sumpsit
862 1708 926 1772 hoe
937 1706 1109 1773 Katziules
1121 1729 1152 1772 n.
1168 1708 1261 1773 1771.
1284 1707 1428 1771 Priorem

362 1818 491 1901 partem
524 1814 649 1880 Erasm.
680 1814 805 1900 recepit
836 1817 872 1879 et
902 1814 1143 1900 interpretatus
1177 1816 1229 1879 est
1251 1812 1303 1894 ΠΙ,
1320 1812 1350 1895 3,
1367 1812 1427 1877 45:

362 1921 458 1987 Mons
482 1943 557 1987 eum
580 1924 695 1986 monte
718 1941 786 1986 non
810 1922 975 1986 miscetur.

451 2026 527 2091 XIII
545 2027 585 2091 10
603 2029 708 2099 Ὅστις
738 2030 819 2092 κύνα
847 2031 952 2112 τρέφει
976 2032 1075 2102 ξένον,
1097 2030 1200 2111 τούτῳ
1222 2030 1323 2110 μόνον
1345 2029 1428 2097 λῖνος

362 2139 464 2218 μένειῖ
488 2138 537 2198 έιτι
559 2142 623 2199 τῶν
638 2138 780 2218 ματαίως
795 2137 981 2199 πονόιιντιον
996 2136 1067 2218 περὶ
1083 2138 1194 2208 ἐκεῖνα,
1211 2136 1258 2205 οἷς
1273 2136 1312 2198 οὐ
1327 2136 1428 2217 μόνον

363 2243 570 2325 κερδανοῦσιν
594 2243 671 2306 ἀλλὰ
694 2244 748 2305 καὶ
771 2244 988 2306 ἀπολέσουσιν.

452 2347 515 2413 Ριο
538 2350 622 2419 liuor
653 2347 793 2414 coniecit
816 2347 964 2413 Leutsoh
986 2350 1078 2413 λίνον.
1126 2348 1250 2413 Erasm.
1267 2346 1320 2428 ΠΙ,
1338 2348 1367 2429 3,
1385 2347 1427 2410 46

362 2454 468 2521 habet
497 2453 673 2521 lectionem
705 2458 740 2527 ὃς
770 2457 852 2520 κύνα
875 2457 938 2520 κτλ.
986 2455 1074 2521 Sane
1099 2453 1354 2542 praeferendum
1377 2457 1429 2519 est

363 2566 454 2638 ὅστις,
486 2563 574 2648 quod
605 2566 710 2628 metro
743 2562 911 2645 convenit,
944 2565 997 2628 est
1028 2562 1116 2627 enim
1147 2565 1342 2628 tetrameter
1364 2564 1428 2625 tro·

363 2669 506 2736 ehaieus
553 2668 693 2755 Optime,
718 2672 758 2735 ut
781 2669 875 2749 solet,
900 2690 969 2734 rem
993 2668 1189 2754 explanavit
1212 2668 1338 2733 Erasm.
1354 2667 1374 2732 l.
1387 2688 1428 2734 s.:

364 2776 427 2857 Qui
450 2796 567 2841 canem
591 2776 652 2841 alit
674 2777 891 2861 peregrinum,
917 2775 993 2841 huie
1016 2780 1148 2861 praeter
1169 2775 1275 2840 linum
1289 2773 1372 2839 nihil
1387 2774 1429 2839 ft

362 2881 488 2967 reliqui.
546 2882 609 2962 Qui
643 2881 843 2948 beneficium
878 2881 1033 2967 collocat
1052 2883 1086 2947 in
1120 2884 1288 2964 ingratum
1322 2882 1429 2967 perdit

364 3009 506 3075 operam.
552 2987 638 3052 Nam
663 2990 754 3054 oanis
778 2988 908 3053 alienus
931 2988 1045 3055 relicto
1068 2988 1150 3054 fune
1174 3011 1239 3076 quo
1263 2987 1428 3072 alligatur,

363 3094 539 3181 pristinum
563 3095 732 3160 dominum
755 3096 885 3180 repetit.
931 3095 1026 3181 Sapit
1049 3099 1084 3161 et
1106 3095 1169 3161 hoe
1184 3094 1320 3178 vulgare
1334 3095 1429 3180 quid-

364 3201 441 3266 dam
465 3222 540 3267 mea
564 3199 697 3286 quidem
721 3202 898 3267 sententia.
923 3241 964 3248 -
988 3202 1064 3267 Alia
1078 3204 1186 3269 versio
1202 3201 1303 3267 huius
1319 3200 1429 3283 adagii

363 3307 484 3391 legitur
513 3309 549 3373 in
580 3307 649 3374 coll.
681 3309 795 3374 Warn.
826 3331 856 3395 p.
876 3310 938 3375 109
963 3331 987 3374 s
1019 3331 1050 3374 v.
1081 3311 1197 3380 σκύλος
1224 3331 1255 3374 n.
1280 3309 1316 3374 5:
1349 3310 1429 3373 Ξένο

364 3419 461 3481 σκύλο
485 3443 517 3481 κι
540 3421 579 3481 ἂν
601 3419 736 3500 θρέφης,
751 3418 821 3498 μόν’
840 3418 876 3480 τὰ
891 3418 1009 3500 κόπρια
1024 3442 1080 3481 του
1096 3419 1287 3500 ἀπομένοιιν.
1326 3416 1429 3481 Prae-

362 3526 456 3588 terea
477 3523 646 3588 invenitur
670 3523 760 3608 apud
781 3521 971 3587 Katziulem
987 3545 1016 3609 p.
1036 3522 1097 3588 127
1107 3544 1113 3587 :
1137 3523 1219 3607 Περὶ
1241 3526 1428 3606 ἀχαρίστων.

451 3629 526 3695 XIII
539 3629 691 3701 101Ὅσις
704 3632 751 3701 δὶς
761 3633 931 3713 ναυαγήσει
942 3632 1045 3713 μάτην
1055 3633 1213 3714 μέμφεται
1224 3630 1429 3695 Ποσειδῶνας

361 3738 506 3819 παρόσον
530 3738 579 3801 δεῖ
598 3738 652 3801 τὸν
675 3740 761 3812 ἅπαξ
784 3739 983 3819 ἀπατηθέντα
1006 3738 1052 3820 μὴ
1077 3738 1278 3821 ἀπατηθῆναι
1302 3738 1357 3807 δίς.

453 3843 577 3909 Latina
607 3844 715 3908 versio
746 3842 846 3908 huius
870 3841 950 3908 dicti
985 3846 1097 3908 exstat
1121 3842 1211 3928 apud
1240 3841 1334 3908 Publ.
1359 3842 1429 3930 Syr.

362 3971 393 4035 p.
410 3949 452 4014 83
468 3971 500 4014 n.
516 3948 583 4014 264
594 3948 662 4015 W.:
685 3949 836 4034 Improbe
853 3948 1048 4035 Neptunum
1064 3953 1211 4033 accusat,
1236 3950 1293 4036 qui
1307 3950 1430 4015 iterum

364 4054 577 4137 naufragium
591 4053 682 4121 facit.
706 4055 751 4120 ef.
763 4054 891 4142 Meyer:
908 4056 989 4122 Eine
1006 4056 1139 4122 Samml.
1155 4077 1223 4123 von
1240 4057 1429 4122 Sentenzen

363 4163 423 4228 des
447 4161 540 4228 Publ.
565 4162 636 4249 Syr.
659 4184 689 4248 p.
709 4165 748 4229 17
762 4185 808 4249 sq.
833 4167 867 4230 et
890 4162 969 4230 Otto
992 4185 1023 4229 n.
1043 4164 1136 4231 1203.
