3217 5025
795 583 1007 648 ..34-

455 761 579 826 Erasm.
596 759 651 841 lV,
668 760 698 842 2,
713 761 771 825 51:
788 759 939 826 Mendieo
955 781 998 824 ne
1014 763 1170 845 parentes
1187 758 1321 845 quidem
1336 759 1435 825 amici

366 871 454 933 sunt.
501 868 645 933 Divitiae
678 865 856 932 conciliant
887 867 1020 931 amieos.
1065 866 1252 950 Paupertas
1275 887 1338 931 nee
1360 865 1434 931 illos

366 973 470 1039 habet
505 975 638 1055 amicos
674 994 757 1058 quos
793 978 916 1039 natura
940 972 1114 1038 coniunxit
1137 993 1163 1038 e.
1188 993 1217 1057 q.
1240 994 1264 1037 s
1321 971 1434 1037 Simile

366 1084 602 1163 argumentum
625 1079 731 1145 habet
745 1078 972 1165 proverbium:
997 1080 1135 1161 Πτωχὸς
1149 1080 1278 1161 πτωχὸν
1295 1082 1334 1143 οὐ
1350 1081 1434 1144 ιλέλιι

365 1190 419 1252 καί
447 1189 465 1251 ὁ
496 1188 572 1258 θεὸς
602 1195 681 1269 μισᾷ
703 1186 775 1257 τοὺς
799 1187 858 1250 δύο
890 1185 1036 1266 (Krumb.
1060 1185 1141 1267 Mgs.
1165 1207 1195 1270 p.
1214 1185 1276 1250 126
1299 1207 1331 1253 n.
1351 1186 1433 1267 106).

455 1292 516 1358 XV
534 1292 575 1357 19
604 1294 703 1363 Ῥανὶς
738 1294 942 1375 ε’νόελεχοῦσα
977 1294 1123 1357 κοιλαίνει
1156 1296 1288 1376 πέτρανῑ
1324 1295 1370 1357 ὅτι
1404 1296 1436 1357 οἱ

366 1402 527 1482 ε’πιμόνως
542 1401 623 1483 πρός
637 1425 664 1463 τι
680 1400 912 1473 σπουδάζοντες
927 1401 1004 1463 αὐτὸ
1020 1402 1226 1482 κατορθῶσαι
1239 1401 1433 1482 δυνήσονται.

455 1504 539 1571 Vide
564 1505 692 1571 Erasmi
715 1506 1024 1591 interpretationem
1048 1505 1101 1586 Ill,
1119 1507 1148 1588 3,
1163 1506 1199 1571 3:
1224 1504 1434 1571 Stillicidium

366 1617 563 1699 perpetuum
591 1633 711 1679 saxum
743 1615 894 1679 excavat.
945 1611 1114 1678 Admonet
1144 1612 1228 1679 nihil
1258 1635 1332 1678 esse
1363 1615 1434 1677 tam

367 1720 494 1802 durum,
518 1719 606 1805 quod
629 1706 876 1800 nonemolliat,
901 1718 982 1783 nihil
997 1722 1068 1784 tam
1086 1719 1236 1800 arduum,
1262 1719 1350 1804 quod
1366 1739 1434 1784 non

367 1826 490 1891 efficiat
514 1825 695 1891 assiduitas
720 1846 747 1892 e.
771 1847 799 1911 q.
825 1847 849 1892 s.
896 1824 958 1889 Hic
985 1827 1133 1891 trimeter
1157 1826 1364 1912 Byzantinus
1392 1847 1434 1891 ex

368 1933 455 1998 dioto
489 1931 630 1998 Choerili
660 1931 825 1998 formatus
858 1953 932 1997 esso
963 1932 1096 1998 videtur
1127 1932 1261 2017 (Kinkel
1291 1932 1329 1997 ir.
1354 1934 1433 2018 epio.

366 2040 437 2121 gul
453 2060 482 2123 p.
495 2040 558 2105 271
576 2039 612 2106 fr.
629 2039 696 2121 lO):
720 2040 847 2123 Πέτρην
869 2041 1016 2104 κοιλαίνει
1040 2042 1127 2122 ῥανὶς
1143 2041 1257 2110 ὕδατος
1273 2041 1433 2123 ε’ὂελεχείη.

455 2144 517 2210 XV
533 2146 576 2211 46
600 2148 742 2230 Σίόηρον
765 2148 851 2210 πλεῖν
867 2148 1028 2211 ὁτὸοίοκειῑ
1054 2148 1190 2210 ἐπὶτῶν
1214 2147 1389 2211 ἀδυνάτων,

456 2251 518 2317 XV
535 2253 577 2317 53
586 2274 608 2318 a
629 2255 776 2324 Σκιίτους
792 2257 883 2317 ἕνεκα
901 2255 1020 2335 ὁὲρεται
1036 2255 1135 2327 κύων,
1151 2261 1255 2323 κεῖνος
1271 2254 1305 2317 δὲ
1321 2278 1433 2316 σκυτο-

366 2368 486 2443 τραγεῖε
521 2361 571 2423 ἐπὶ
597 2369 662 2424 τῶν
690 2364 895 2443 γευσαμένων
925 2363 1038 2431 κακίας
1068 2361 1150 2431 τινὸς
1183 2361 1237 2424 καὶ
1272 2362 1356 2424 οὕτω
1388 2361 1433 2442 μὴ

370 2469 629 2550 ἀποπαυομένων
653 2469 780 2551 ε’κείνης.

456 2573 539 2639 Vide
563 2574 816 2640 adnotationem
840 2573 883 2638 ad
907 2573 1001 2655 Greg.
1026 2573 1119 2659 Cypr.
1136 2573 1169 2638 P.
1186 2573 1288 2640 11197
1305 2578 1339 2639 et
1355 2572 1433 2639 Otto

369 2702 399 2745 n.
417 2681 490 2747 325.
536 2682 575 2746 ln
606 2682 889 2767 comparationem
920 2680 1032 2746 vocari
1062 2684 1176 2765 potest
1196 2679 1433 2763 fragmentum,

369 2787 456 2872 quod
493 2787 678 2872 Antiphani
714 2788 838 2852 comico
874 2786 1087 2855 adscribitur:
1127 2788 1228 2852 Κύων
1265 2789 1435 2870 μελετήσας

349 2903 499 2974 ,σαρκαλν
531 2895 744 2975 ἀπογεύεσθαι
768 2895 931 2975 φυλάττειν
954 2895 1058 2957 οὐκέτι
1082 2895 1210 2958 δύναται
1232 2895 1288 2976 την
1312 2896 1434 2977 ἀγέλην,

369 2998 471 3085 (Com.
496 2996 549 3063 Gr.
573 2998 611 3065 fr.
634 2999 677 3062 ΠΙ
700 3019 729 3083 p.
757 2998 820 3064 160
843 2998 962 3084 Mein).

457 3103 518 3169 XV
543 3105 585 3170 60
608 3107 752 3170 Σπάνιον
774 3109 876 3188 εἴσαγε
900 3108 957 3170 σὸν
980 3108 1064 3170 πόδα
1087 3107 1169 3188 πρὸς
1189 3108 1245 3171 σὸν
1261 3109 1362 3189 φίλον,
1386 3110 1435 3170 ἵνα

366 3214 412 3296 μὴ
436 3214 589 3295 πλησθείς
612 3238 670 3276 σου
693 3216 811 3296 μιοήοη
828 3238 871 3277 οε.

458 3317 508 3383 Ex
531 3318 692 3401 florilegio
717 3318 862 3405 quodam
885 3318 1030 3385 tortasse
1054 3322 1173 3385 natum
1197 3323 1250 3385 est
1266 3319 1305 3385 cf.
1322 3318 1434 3386 adnot.

369 3426 511 3491 Videtur
534 3426 618 3492 haee
643 3426 814 3492 sententia
838 3426 1015 3512 explicatio
1033 3448 1108 3492 esse
1124 3426 1315 3511 posterioris
1330 3427 1434 3512 partis

367 3532 532 3617 proverbii
556 3532 712 3615 vulgaris⁷
738 3534 826 3618 quod
851 3534 984 3617 saepius
999 3533 1034 3597 in
1050 3533 1300 3618 proverbiorum
1316 3532 1435 3598 collec-

368 3638 516 3703 tionibus
548 3640 697 3705 0ecurrit.
742 3639 880 3722 Legitur
911 3639 999 3704 enim
1023 3638 1058 3703 in
1082 3638 1248 3705 codicibus
1272 3637 1435 3705 FGIKN

369 3743 453 3828 (Mgs
469 3765 499 3829 p.
512 3746 556 3811 78
573 3748 608 3811 et
622 3745 684 3810 143
702 3748 737 3811 et
752 3744 820 3812 Pol.
834 3745 848 3809 Ι
864 3768 892 3831 p.
904 3744 975 3827 47):
994 3746 1099 3811 Ὅπου
1118 3749 1215 3829 φιλεῖς
1229 3749 1275 3829 μὴ
1294 3748 1436 3828 ὁανείζης

369 3853 422 3914 καὶ
450 3853 532 3915 ὅπου
564 3854 689 3935 ἀγαπᾷς
715 3854 760 3934 μὴ
793 3855 951 3934 συχνάζης
981 3857 1016 3917 et
1043 3853 1078 3916 in
1107 3852 1274 3918 codicibus
1298 3851 1329 3917 H
1353 3854 1387 3917 et
1410 3851 1436 3915 L

369 3955 452 4039 (Mgs
476 3956 494 4021 l.
519 3978 544 4022 S.
569 3961 603 4022 et
625 3957 693 4022 Pol.
717 3958 731 4021 l
765 3980 794 4043 p.
818 3959 867 4043 7):
893 3959 998 4023 Ὅπου
1030 3961 1128 4041 φιλεῖς
1157 3961 1202 4042 μὴ
1234 3961 1353 4034 ὄάνειζε
1383 3960 1436 4022 καί

370 4065 451 4147 ὅπου
465 4066 590 4145 ἀγαπᾷς
601 4066 646 4147 μὴ
661 4066 803 4145 σύχναζε.
829 4063 986 4129 Similiter
997 4064 1137 4147 legimus
1147 4065 1236 4151 apud
1248 4065 1437 4131 Katziulem

369 4188 400 4233 n.
420 4168 520 4235 1724:
537 4171 597 4235 Ὃν
621 4174 660 4234 ἂν
683 4170 781 4251 φιλεῖς
795 4172 841 4252 μὴ
860 4172 988 4245 δάνειζε,
1005 4171 1034 4252 ᾧ
1051 4173 1085 4236 δὲ
1100 4175 1212 4243 ποθεῖς
1227 4174 1272 4256 μὴ
1290 4175 1436 4255 σύχναζεῖ
1463 4155 1474 4163 .
