<?xml version="1.0" encoding="UTF-8"?>
<!DOCTYPE html PUBLIC "-//W3C//DTD XHTML 1.0 Transitional//EN"
    "http://www.w3.org/TR/xhtml1/DTD/xhtml1-transitional.dtd">
<html xmlns="http://www.w3.org/1999/xhtml" xml:lang="en" lang="en">
 <head>
  <title>
</title>
<meta http-equiv="Content-Type" content="text/html;charset=utf-8" />
  <meta name='ocr-system' content='tesseract 3.04.00' />
  <meta name='ocr-capabilities' content='ocr_page ocr_carea ocr_par ocr_line ocrx_word'/>
</head>
<body>
  <div class='ocr_page' id='page_1' title='image "./quaestionesparo00petzgoog_0021.png"; bbox 0 0 3217 5025; ppageno 0'>
   <div class='ocr_carea' id='block_1_1' title="bbox 637 556 941 621">
    <p class='ocr_par' dir='ltr' id='par_1_1' title="bbox 637 556 941 621">
     <span class='ocr_line' id='line_1_1' title="bbox 637 556 941 621; baseline 0.003 0"><span class='ocrx_word' id='word_1_1' title='bbox 637 556 941 621; x_wconf 69' lang='grc'><strong>-15-·</strong></span> 
     </span>
    </p>
   </div>
   <div class='ocr_carea' id='block_1_2' title="bbox 212 704 1282 819">
    <p class='ocr_par' dir='ltr' id='par_1_2' title="bbox 212 704 1282 819">
     <span class='ocr_line' id='line_1_2' title="bbox 212 704 1282 819; baseline 0.004 -22"><span class='ocrx_word' id='word_1_2' title='bbox 212 752 302 817; x_wconf 85' lang='lat' dir='ltr'><strong>quac</strong></span> <span class='ocrx_word' id='word_1_3' title='bbox 325 730 367 797; x_wconf 74' lang='lat' dir='ltr'><strong>(lc</strong></span> <span class='ocrx_word' id='word_1_4' title='bbox 387 732 435 797; x_wconf 90' lang='lat' dir='ltr'><strong>eis</strong></span> <span class='ocrx_word' id='word_1_5' title='bbox 450 704 539 813; x_wconf 44' lang='lat' dir='ltr'><strong>sunt.</strong></span> <span class='ocrx_word' id='word_1_6' title='bbox 564 734 620 819; x_wconf 89' lang='lat' dir='ltr'><strong>qui</strong></span> <span class='ocrx_word' id='word_1_7' title='bbox 636 732 772 817; x_wconf 75' lang='lat' dir='ltr'><strong>fingent</strong></span> <span class='ocrx_word' id='word_1_8' title='bbox 786 755 823 800; x_wconf 85' lang='lat' dir='ltr'><strong>se</strong></span> <span class='ocrx_word' id='word_1_9' title='bbox 840 733 964 819; x_wconf 81' lang='lat' dir='ltr'><strong>aliquid</strong></span> <span class='ocrx_word' id='word_1_10' title='bbox 981 755 1050 800; x_wconf 91' lang='lat' dir='ltr'><strong>non</strong></span> <span class='ocrx_word' id='word_1_11' title='bbox 1065 735 1282 801; x_wconf 75' lang='lat' dir='ltr'><strong>intellexisse.</strong></span> 
     </span>
    </p>
   </div>
   <div class='ocr_carea' id='block_1_3' title="bbox 170 837 1282 1142">
    <p class='ocr_par' dir='ltr' id='par_1_3' title="bbox 170 837 1282 1142">
     <span class='ocr_line' id='line_1_3' title="bbox 170 837 1282 942; baseline 0.006 -40"><span class='ocrx_word' id='word_1_12' title='bbox 170 937 172 942; x_wconf 65' lang='lat'>,</span> <span class='ocrx_word' id='word_1_13' title='bbox 212 837 427 924; x_wconf 72' lang='lat' dir='ltr'><strong>Quamquam</strong></span> <span class='ocrx_word' id='word_1_14' title='bbox 449 838 614 923; x_wconf 77' lang='lat' dir='ltr'><strong>Apostolii</strong></span> <span class='ocrx_word' id='word_1_15' title='bbox 637 840 743 906; x_wconf 83' lang='lat' dir='ltr'><strong>torma</strong></span> <span class='ocrx_word' id='word_1_16' title='bbox 766 839 977 909; x_wconf 81' lang='lat' dir='ltr'><strong>aPlanudea</strong></span> <span class='ocrx_word' id='word_1_17' title='bbox 992 840 1115 927; x_wconf 81' lang='lat' dir='ltr'><strong>differt,</strong></span> <span class='ocrx_word' id='word_1_18' title='bbox 1139 846 1282 909; x_wconf 83' lang='lat' dir='ltr'><strong>metrum</strong></span> 
     </span>
     <span class='ocr_line' id='line_1_4' title="bbox 213 943 1282 1042; baseline 0.005 -33"><span class='ocrx_word' id='word_1_19' title='bbox 213 943 305 1030; x_wconf 78' lang='lat' dir='ltr'><strong>apnd</strong></span> <span class='ocrx_word' id='word_1_20' title='bbox 335 948 514 1042; x_wconf 68' lang='lat' dir='ltr'><strong>utromque</strong></span> <span class='ocrx_word' id='word_1_21' title='bbox 545 944 631 1012; x_wconf 91' lang='lat' dir='ltr'><strong>idem</strong></span> <span class='ocrx_word' id='word_1_22' title='bbox 662 950 697 1012; x_wconf 87' lang='lat' dir='ltr'><strong>et</strong></span> <span class='ocrx_word' id='word_1_23' title='bbox 717 947 854 1032; x_wconf 75' lang='lat' dir='ltr'><strong>quidem</strong></span> <span class='ocrx_word' id='word_1_24' title='bbox 872 951 1072 1016; x_wconf 43' lang='lat' dir='ltr'><strong>*tetrameter</strong></span> <span class='ocrx_word' id='word_1_25' title='bbox 1094 950 1282 1017; x_wconf 70' lang='lat' dir='ltr'>trochaicus</span> 
     </span>
     <span class='ocr_line' id='line_1_5' title="bbox 210 1050 1281 1142; baseline 0.004 -25"><span class='ocrx_word' id='word_1_26' title='bbox 210 1055 275 1118; x_wconf 83' lang='lat' dir='ltr'><strong>est</strong></span> <span class='ocrx_word' id='word_1_27' title='bbox 322 1051 379 1133; x_wconf 76' lang='lat' dir='ltr'><strong>(of.</strong></span> <span class='ocrx_word' id='word_1_28' title='bbox 404 1050 546 1118; x_wconf 81' lang='lat' dir='ltr'><strong>Usener:</strong></span> <span class='ocrx_word' id='word_1_29' title='bbox 578 1052 747 1122; x_wconf 75' lang='lat' dir='ltr'><strong>Dentschc</strong></span> <span class='ocrx_word' id='word_1_30' title='bbox 769 1053 1027 1121; x_wconf 82' lang='lat' dir='ltr'><strong>Litteraturzeit.</strong></span> <span class='ocrx_word' id='word_1_31' title='bbox 1053 1055 1138 1121; x_wconf 86' lang='grc'>1886</span> <span class='ocrx_word' id='word_1_32' title='bbox 1161 1077 1193 1122; x_wconf 88' lang='lat' dir='ltr'><strong>n.</strong></span> <span class='ocrx_word' id='word_1_33' title='bbox 1218 1057 1281 1142; x_wconf 80' lang='lat'><strong>50).</strong></span> 
     </span>
    </p>
   </div>
   <div class='ocr_carea' id='block_1_4' title="bbox 213 1192 1281 1386">
    <p class='ocr_par' dir='ltr' id='par_1_4' title="bbox 213 1192 1281 1386">
     <span class='ocr_line' id='line_1_6' title="bbox 303 1192 1281 1282; baseline 0.004 -23"><span class='ocrx_word' id='word_1_34' title='bbox 303 1192 407 1259; x_wconf 80' lang='lat' dir='ltr'>V149</span> <span class='ocrx_word' id='word_1_35' title='bbox 426 1196 576 1270; x_wconf 78' lang='grc' dir='ltr'><em>Ἐδίδαξά</em></span> <span class='ocrx_word' id='word_1_36' title='bbox 600 1220 634 1261; x_wconf 88' lang='grc' dir='ltr'><strong>σε</strong></span> <span class='ocrx_word' id='word_1_37' title='bbox 657 1199 791 1281; x_wconf 82' lang='grc' dir='ltr'><em>κυβισᾷν</em></span> <span class='ocrx_word' id='word_1_38' title='bbox 815 1199 869 1261; x_wconf 78' lang='grc' dir='ltr'><strong>καὶ</strong></span> <span class='ocrx_word' id='word_1_39' title='bbox 892 1198 930 1262; x_wconf 83' lang='grc' dir='ltr'><strong>σὺ</strong></span> <span class='ocrx_word' id='word_1_40' title='bbox 952 1200 1083 1281; x_wconf 76' lang='grc' dir='ltr'><strong><em>βυθίσαι</em></strong></span> <span class='ocrx_word' id='word_1_41' title='bbox 1105 1224 1146 1281; x_wconf 88' lang='grc' dir='ltr'><strong>με</strong></span> <span class='ocrx_word' id='word_1_42' title='bbox 1166 1202 1281 1282; x_wconf 62' lang='lat' dir='ltr'><strong>Cereio:</strong></span> 
     </span>
     <span class='ocr_line' id='line_1_7' title="bbox 213 1304 1096 1386; baseline 0.006 -21"><span class='ocrx_word' id='word_1_43' title='bbox 213 1304 350 1366; x_wconf 76' lang='grc' dir='ltr'><em>ἐπὶτῶν</em></span> <span class='ocrx_word' id='word_1_44' title='bbox 371 1304 457 1367; x_wconf 86' lang='grc' dir='ltr'><em>κακὰ</em></span> <span class='ocrx_word' id='word_1_45' title='bbox 480 1305 547 1367; x_wconf 76' lang='grc' dir='ltr'><em>ἀντὶ</em></span> <span class='ocrx_word' id='word_1_46' title='bbox 570 1305 704 1386; x_wconf 70' lang='grc' dir='ltr'><em>ἀγαθῶν</em></span> <span class='ocrx_word' id='word_1_47' title='bbox 727 1306 956 1370; x_wconf 76' lang='grc' dir='ltr'><em>ἀποδιδόντων.</em></span> <span class='ocrx_word' id='word_1_48' title='bbox 1094 1351 1096 1355; x_wconf 91' lang='grc'><strong>-</strong></span> 
     </span>
    </p>
   </div>
   <div class='ocr_carea' id='block_1_5' title="bbox 213 1426 1281 1836">
    <p class='ocr_par' dir='ltr' id='par_1_5' title="bbox 213 1426 1281 1836">
     <span class='ocr_line' id='line_1_8' title="bbox 302 1426 1281 1513; baseline 0.004 -22"><span class='ocrx_word' id='word_1_49' title='bbox 302 1426 428 1493; x_wconf 84' lang='lat' dir='ltr'><strong>Erasm.</strong></span> <span class='ocrx_word' id='word_1_50' title='bbox 440 1427 493 1512; x_wconf 75' lang='grc' dir='ltr'><strong>ΠΙ,</strong></span> <span class='ocrx_word' id='word_1_51' title='bbox 507 1427 538 1512; x_wconf 82' lang='lat'><strong>4,</strong></span> <span class='ocrx_word' id='word_1_52' title='bbox 552 1428 596 1493; x_wconf 78' lang='lat'><strong>84</strong></span> <span class='ocrx_word' id='word_1_53' title='bbox 611 1428 852 1513; x_wconf 89' lang='lat' dir='ltr'><strong>interpretatus</strong></span> <span class='ocrx_word' id='word_1_54' title='bbox 869 1432 938 1495; x_wconf 87' lang='lat' dir='ltr'><strong>est:</strong></span> <span class='ocrx_word' id='word_1_55' title='bbox 954 1430 1060 1495; x_wconf 87' lang='lat' dir='ltr'><strong>Docui</strong></span> <span class='ocrx_word' id='word_1_56' title='bbox 1075 1433 1109 1495; x_wconf 91' lang='lat' dir='ltr'><strong>te</strong></span> <span class='ocrx_word' id='word_1_57' title='bbox 1127 1430 1281 1496; x_wconf 84' lang='lat' dir='ltr'><strong>urinandi</strong></span> 
     </span>
     <span class='ocr_line' id='line_1_9' title="bbox 213 1533 1281 1623; baseline 0.004 -25"><span class='ocrx_word' id='word_1_58' title='bbox 213 1536 320 1599; x_wconf 85' lang='lat' dir='ltr'><strong>artem</strong></span> <span class='ocrx_word' id='word_1_59' title='bbox 351 1537 385 1600; x_wconf 90' lang='lat' dir='ltr'><strong>et</strong></span> <span class='ocrx_word' id='word_1_60' title='bbox 412 1537 451 1600; x_wconf 91' lang='lat' dir='ltr'><strong>tu</strong></span> <span class='ocrx_word' id='word_1_61' title='bbox 482 1555 535 1600; x_wconf 89' lang='lat' dir='ltr'><strong>me</strong></span> <span class='ocrx_word' id='word_1_62' title='bbox 558 1534 610 1600; x_wconf 78' lang='lat' dir='ltr'><strong>vis</strong></span> <span class='ocrx_word' id='word_1_63' title='bbox 642 1533 839 1618; x_wconf 83' lang='lat' dir='ltr'><strong>demergere.</strong></span> <span class='ocrx_word' id='word_1_64' title='bbox 886 1535 924 1600; x_wconf 92' lang='lat' dir='ltr'><strong>ln</strong></span> <span class='ocrx_word' id='word_1_65' title='bbox 955 1557 1012 1601; x_wconf 89' lang='lat' dir='ltr'><strong>cos</strong></span> <span class='ocrx_word' id='word_1_66' title='bbox 1042 1536 1194 1622; x_wconf 83' lang='lat' dir='ltr'><strong>quadrat,</strong></span> <span class='ocrx_word' id='word_1_67' title='bbox 1224 1537 1281 1623; x_wconf 87' lang='lat' dir='ltr'><strong>qui</strong></span> 
     </span>
     <span class='ocr_line' id='line_1_10' title="bbox 215 1639 1280 1729; baseline 0.004 -24"><span class='ocrx_word' id='word_1_68' title='bbox 215 1639 396 1708; x_wconf 83' lang='lat' dir='ltr'><strong>benefacta</strong></span> <span class='ocrx_word' id='word_1_69' title='bbox 418 1640 606 1708; x_wconf 76' lang='lat' dir='ltr'><strong>malefactis</strong></span> <span class='ocrx_word' id='word_1_70' title='bbox 623 1641 782 1707; x_wconf 89' lang='lat' dir='ltr'><strong>retaliant</strong></span> <span class='ocrx_word' id='word_1_71' title='bbox 797 1664 824 1707; x_wconf 88' lang='lat' dir='ltr'><strong>e.</strong></span> <span class='ocrx_word' id='word_1_72' title='bbox 841 1664 870 1728; x_wconf 89' lang='lat' dir='ltr'><strong>q.</strong></span> <span class='ocrx_word' id='word_1_73' title='bbox 887 1664 912 1708; x_wconf 85' lang='lat' dir='ltr'><strong>s.</strong></span> <span class='ocrx_word' id='word_1_74' title='bbox 951 1642 1041 1707; x_wconf 88' lang='lat' dir='ltr'><strong>Idem</strong></span> <span class='ocrx_word' id='word_1_75' title='bbox 1056 1643 1161 1708; x_wconf 89' lang='lat' dir='ltr'><strong>habet</strong></span> <span class='ocrx_word' id='word_1_76' title='bbox 1176 1644 1280 1729; x_wconf 90' lang='lat' dir='ltr'><strong>scrip·</strong></span> 
     </span>
     <span class='ocr_line' id='line_1_11' title="bbox 214 1748 1276 1836; baseline 0.003 -24"><span class='ocrx_word' id='word_1_77' title='bbox 214 1749 326 1813; x_wconf 87' lang='lat' dir='ltr'><strong>turam</strong></span> <span class='ocrx_word' id='word_1_78' title='bbox 360 1753 510 1833; x_wconf 81' lang='grc' dir='ltr'><em>κυβιστᾶν</em></span> <span class='ocrx_word' id='word_1_79' title='bbox 545 1771 566 1815; x_wconf 90' lang='lat' dir='ltr'><strong>a</strong></span> <span class='ocrx_word' id='word_1_80' title='bbox 600 1748 755 1814; x_wconf 86' lang='lat' dir='ltr'><strong>Katziule</strong></span> <span class='ocrx_word' id='word_1_81' title='bbox 787 1770 920 1835; x_wconf 89' lang='lat' dir='ltr'><strong>quoque</strong></span> <span class='ocrx_word' id='word_1_82' title='bbox 952 1750 1136 1816; x_wconf 79' lang='lat' dir='ltr'><strong>exhibitam</strong></span> <span class='ocrx_word' id='word_1_83' title='bbox 1163 1771 1193 1836; x_wconf 85' lang='lat' dir='ltr'><strong>p.</strong></span> <span class='ocrx_word' id='word_1_84' title='bbox 1217 1749 1276 1815; x_wconf 84' lang='lat'><strong>121</strong></span> 
     </span>
    </p>
   </div>
   <div class='ocr_carea' id='block_1_6' title="bbox 213 1853 1394 1943">
    <p class='ocr_par' dir='ltr' id='par_1_6' title="bbox 213 1853 1394 1943">
     <span class='ocr_line' id='line_1_12' title="bbox 213 1853 1394 1943; baseline 0.003 -24"><span class='ocrx_word' id='word_1_85' title='bbox 213 1874 245 1919; x_wconf 90' lang='lat' dir='ltr'><strong>n.</strong></span> <span class='ocrx_word' id='word_1_86' title='bbox 265 1853 325 1920; x_wconf 77' lang='lat'><strong>46:</strong></span> <span class='ocrx_word' id='word_1_87' title='bbox 353 1856 503 1929; x_wconf 85' lang='grc' dir='ltr'><em>Ἐδίδοξα</em></span> <span class='ocrx_word' id='word_1_88' title='bbox 533 1858 613 1921; x_wconf 68' lang='lat' dir='ltr'><strong>nrt:</strong></span> <span class='ocrx_word' id='word_1_89' title='bbox 644 1857 715 1920; x_wconf 82' lang='grc' dir='ltr'><strong>Ἐπὶ</strong></span> <span class='ocrx_word' id='word_1_90' title='bbox 746 1863 811 1921; x_wconf 79' lang='grc' dir='ltr'><strong>τῶν</strong></span> <span class='ocrx_word' id='word_1_91' title='bbox 834 1859 898 1921; x_wconf 83' lang='grc' dir='ltr'><strong>ἀπὸ</strong></span> <span class='ocrx_word' id='word_1_92' title='bbox 920 1864 985 1921; x_wconf 86' lang='grc' dir='ltr'><strong>τῶν</strong></span> <span class='ocrx_word' id='word_1_93' title='bbox 1008 1860 1280 1943; x_wconf 81' lang='grc' dir='ltr'><em>εὐεργετουμένων</em></span> <span class='ocrx_word' id='word_1_94' title='bbox 1391 1888 1394 1896; x_wconf 70' lang='grc'><strong>’</strong></span> 
     </span>
    </p>
   </div>
   <div class='ocr_carea' id='block_1_7' title="bbox 210 1963 1280 2940">
    <p class='ocr_par' dir='ltr' id='par_1_7' title="bbox 210 1963 1280 2370">
     <span class='ocr_line' id='line_1_13' title="bbox 211 1963 1280 2048; baseline 0.004 -22"><span class='ocrx_word' id='word_1_95' title='bbox 211 1964 450 2047; x_wconf 77' lang='grc' dir='ltr'><em>βλαπτομένων.</em></span> <span class='ocrx_word' id='word_1_96' title='bbox 496 1964 657 2047; x_wconf 76' lang='grc' dir='ltr'><em>Κυβιστᾶν</em></span> <span class='ocrx_word' id='word_1_97' title='bbox 674 1965 715 2042; x_wconf 24' lang='grc' dir='ltr'><strong>[δὲ</strong></span> <span class='ocrx_word' id='word_1_98' title='bbox 736 1964 773 2028; x_wconf 78' lang='grc' dir='ltr'><strong>ιδ</strong></span> <span class='ocrx_word' id='word_1_99' title='bbox 788 1966 963 2048; x_wconf 81' lang='grc' dir='ltr'><em>κολυμβᾶν.</em></span> <span class='ocrx_word' id='word_1_100' title='bbox 1001 1963 1158 2047; x_wconf 85' lang='lat' dir='ltr'><strong>Vulgaris</strong></span> <span class='ocrx_word' id='word_1_101' title='bbox 1173 1965 1280 2030; x_wconf 84' lang='lat' dir='ltr'><strong>forma</strong></span> 
     </span>
     <span class='ocr_line' id='line_1_14' title="bbox 212 2069 1278 2155; baseline 0.002 -21"><span class='ocrx_word' id='word_1_102' title='bbox 212 2069 313 2134; x_wconf 91' lang='lat' dir='ltr'><strong>huius</strong></span> <span class='ocrx_word' id='word_1_103' title='bbox 345 2069 424 2135; x_wconf 90' lang='lat' dir='ltr'><strong>dicti</strong></span> <span class='ocrx_word' id='word_1_104' title='bbox 456 2090 615 2155; x_wconf 88' lang='lat' dir='ltr'><strong>expressa</strong></span> <span class='ocrx_word' id='word_1_105' title='bbox 638 2072 690 2135; x_wconf 84' lang='lat' dir='ltr'><strong>est</strong></span> <span class='ocrx_word' id='word_1_106' title='bbox 712 2069 747 2135; x_wconf 89' lang='lat' dir='ltr'><strong>in</strong></span> <span class='ocrx_word' id='word_1_107' title='bbox 772 2069 965 2136; x_wconf 79' lang='lat' dir='ltr'><strong>collectione</strong></span> <span class='ocrx_word' id='word_1_108' title='bbox 990 2070 1110 2137; x_wconf 90' lang='lat' dir='ltr'><strong>codicis</strong></span> <span class='ocrx_word' id='word_1_109' title='bbox 1133 2071 1167 2136; x_wconf 94' lang='lat' dir='ltr'>M</span> <span class='ocrx_word' id='word_1_110' title='bbox 1181 2070 1278 2137; x_wconf 88' lang='lat' dir='ltr'><strong>Poll</strong></span> 
     </span>
     <span class='ocr_line' id='line_1_15' title="bbox 210 2176 1278 2268; baseline 0.002 -27"><span class='ocrx_word' id='word_1_111' title='bbox 210 2197 243 2268; x_wconf 86' lang='lat' dir='ltr'><strong>p.</strong></span> <span class='ocrx_word' id='word_1_112' title='bbox 260 2176 319 2241; x_wconf 88' lang='lat'><strong>30:</strong></span> <span class='ocrx_word' id='word_1_113' title='bbox 345 2177 407 2241; x_wconf 88' lang='grc' dir='ltr'><strong>Τδν</strong></span> <span class='ocrx_word' id='word_1_114' title='bbox 430 2179 538 2260; x_wconf 77' lang='grc' dir='ltr'><em>ἕμοδα</em></span> <span class='ocrx_word' id='word_1_115' title='bbox 561 2179 615 2242; x_wconf 87' lang='grc' dir='ltr'><strong>καὶ</strong></span> <span class='ocrx_word' id='word_1_116' title='bbox 629 2179 779 2262; x_wconf 77' lang='grc' dir='ltr'><em>κολυμβᾷ</em></span> <span class='ocrx_word' id='word_1_117' title='bbox 793 2180 916 2262; x_wconf 72' lang='grc' dir='ltr'><em>ἠγέρθη</em></span> <span class='ocrx_word' id='word_1_118' title='bbox 933 2181 973 2242; x_wconf 87' lang='grc' dir='ltr'><strong>νά</strong></span> <span class='ocrx_word' id='word_1_119' title='bbox 989 2204 1030 2261; x_wconf 88' lang='grc' dir='ltr'><strong>με</strong></span> <span class='ocrx_word' id='word_1_120' title='bbox 1044 2181 1145 2263; x_wconf 82' lang='grc' dir='ltr'><em>πνίξη.</em></span> <span class='ocrx_word' id='word_1_121' title='bbox 1182 2178 1278 2260; x_wconf 78' lang='lat' dir='ltr'><strong>(Con-</strong></span> 
     </span>
     <span class='ocr_line' id='line_1_16' title="bbox 216 2282 1177 2370; baseline 0.002 -23"><span class='ocrx_word' id='word_1_122' title='bbox 216 2286 351 2368; x_wconf 89' lang='lat' dir='ltr'><strong>spectus</strong></span> <span class='ocrx_word' id='word_1_123' title='bbox 375 2282 525 2349; x_wconf 88' lang='lat' dir='ltr'><strong>codicum</strong></span> <span class='ocrx_word' id='word_1_124' title='bbox 547 2283 646 2350; x_wconf 86' lang='lat' dir='ltr'><strong>Poll</strong></span> <span class='ocrx_word' id='word_1_125' title='bbox 668 2306 698 2369; x_wconf 92' lang='lat' dir='ltr'><strong>p.</strong></span> <span class='ocrx_word' id='word_1_126' title='bbox 714 2288 751 2368; x_wconf 83' lang='grc' dir='ltr'><strong>ιγ’</strong></span> <span class='ocrx_word' id='word_1_127' title='bbox 766 2285 827 2370; x_wconf 90' lang='lat' dir='ltr'><strong>sq.)</strong></span> <span class='ocrx_word' id='word_1_128' title='bbox 1175 2353 1177 2356; x_wconf 78' lang='lat'><strong>.</strong></span> 
     </span>
    </p>

    <p class='ocr_par' dir='ltr' id='par_1_8' title="bbox 211 2407 1278 2708">
     <span class='ocr_line' id='line_1_17' title="bbox 300 2407 1278 2493; baseline 0.001 -20"><span class='ocrx_word' id='word_1_129' title='bbox 300 2407 406 2473; x_wconf 80' lang='lat' dir='ltr'>V154</span> <span class='ocrx_word' id='word_1_130' title='bbox 427 2409 487 2480; x_wconf 84' lang='grc' dir='ltr'><strong>Εἰς</strong></span> <span class='ocrx_word' id='word_1_131' title='bbox 516 2409 573 2492; x_wconf 81' lang='grc' dir='ltr'><strong>τὴν</strong></span> <span class='ocrx_word' id='word_1_132' title='bbox 602 2411 699 2493; x_wconf 87' lang='grc' dir='ltr'><em>λῆψιν</em></span> <span class='ocrx_word' id='word_1_133' title='bbox 728 2415 792 2474; x_wconf 82' lang='grc' dir='ltr'><strong>τῶν</strong></span> <span class='ocrx_word' id='word_1_134' title='bbox 823 2411 966 2492; x_wconf 85' lang='grc' dir='ltr'><em>ἀγγέλων</em></span> <span class='ocrx_word' id='word_1_135' title='bbox 992 2412 1042 2474; x_wconf 75' lang='lat' dir='ltr'><strong>nat</strong></span> <span class='ocrx_word' id='word_1_136' title='bbox 1066 2412 1084 2475; x_wconf 87' lang='grc' dir='ltr'>ὁ</span> <span class='ocrx_word' id='word_1_137' title='bbox 1106 2411 1278 2493; x_wconf 86' lang='grc' dir='ltr'><em>Μάρδορις</em></span> 
     </span>
     <span class='ocr_line' id='line_1_18' title="bbox 211 2518 1278 2601; baseline 0.002 -21"><span class='ocrx_word' id='word_1_138' title='bbox 211 2518 357 2599; x_wconf 72' lang='grc' dir='ltr'><em>ἅγγελοςῐ</em></span> <span class='ocrx_word' id='word_1_139' title='bbox 390 2518 545 2601; x_wconf 81' lang='grc' dir='ltr'><em>δημώδης</em></span> <span class='ocrx_word' id='word_1_140' title='bbox 574 2519 628 2581; x_wconf 81' lang='grc' dir='ltr'><strong>καὶ</strong></span> <span class='ocrx_word' id='word_1_141' title='bbox 658 2520 764 2600; x_wconf 85' lang='grc' dir='ltr'><em>σοψής</em></span> <span class='ocrx_word' id='word_1_142' title='bbox 788 2535 794 2549; x_wconf 85' lang='grc'><em>·</em></span> <span class='ocrx_word' id='word_1_143' title='bbox 819 2520 902 2582; x_wconf 83' lang='grc' dir='ltr'><em>ἔοικε</em></span> <span class='ocrx_word' id='word_1_144' title='bbox 931 2526 969 2600; x_wconf 81' lang='grc' dir='ltr'><strong>τῇ</strong></span> <span class='ocrx_word' id='word_1_145' title='bbox 993 2539 998 2550; x_wconf 93' lang='grc'><strong><em>·</em></strong></span> <span class='ocrx_word' id='word_1_146' title='bbox 1026 2518 1089 2600; x_wconf 84' lang='grc' dir='ltr'><strong>Τὴν</strong></span> <span class='ocrx_word' id='word_1_147' title='bbox 1113 2525 1212 2600; x_wconf 82' lang='grc' dir='ltr'><em>γραῦν</em></span> <span class='ocrx_word' id='word_1_148' title='bbox 1235 2521 1278 2588; x_wconf 84' lang='grc' dir='ltr'><strong>εἰς</strong></span> 
     </span>
     <span class='ocr_line' id='line_1_19' title="bbox 212 2626 827 2708; baseline 0.002 -21"><span class='ocrx_word' id='word_1_149' title='bbox 212 2626 430 2708; x_wconf 83' lang='grc' dir='ltr'><em>τάκρωιήριον</em></span> <span class='ocrx_word' id='word_1_150' title='bbox 453 2626 646 2707; x_wconf 85' lang='grc' dir='ltr'><em>ἀϊτανόψρυν</em></span> <span class='ocrx_word' id='word_1_151' title='bbox 669 2626 827 2688; x_wconf 87' lang='grc' dir='ltr'><em>καλοῦσιν.</em></span> 
     </span>
    </p>

    <p class='ocr_par' dir='ltr' id='par_1_9' title="bbox 213 2747 1277 2940">
     <span class='ocr_line' id='line_1_20' title="bbox 299 2747 1277 2835; baseline 0.002 -21"><span class='ocrx_word' id='word_1_152' title='bbox 299 2747 348 2814; x_wconf 91' lang='lat' dir='ltr'><strong>De</strong></span> <span class='ocrx_word' id='word_1_153' title='bbox 372 2750 514 2833; x_wconf 88' lang='lat' dir='ltr'><strong>utroque</strong></span> <span class='ocrx_word' id='word_1_154' title='bbox 537 2748 711 2835; x_wconf 86' lang='lat' dir='ltr'><strong>proverbio</strong></span> <span class='ocrx_word' id='word_1_155' title='bbox 734 2748 895 2834; x_wconf 86' lang='lat' dir='ltr'><strong>imprimis</strong></span> <span class='ocrx_word' id='word_1_156' title='bbox 916 2747 957 2813; x_wconf 87' lang='lat' dir='ltr'><strong>de</strong></span> <span class='ocrx_word' id='word_1_157' title='bbox 972 2749 1154 2834; x_wconf 83' lang='lat' dir='ltr'><strong>posteriore</strong></span> <span class='ocrx_word' id='word_1_158' title='bbox 1170 2747 1277 2816; x_wconf 85' lang='lat' dir='ltr'><strong>multa</strong></span> 
     </span>
     <span class='ocr_line' id='line_1_21' title="bbox 213 2854 620 2940; baseline 0.002 -20"><span class='ocrx_word' id='word_1_159' title='bbox 213 2856 416 2940; x_wconf 82' lang='lat' dir='ltr'><strong>scripserunt</strong></span> <span class='ocrx_word' id='word_1_160' title='bbox 438 2855 501 2922; x_wconf 84' lang='lat' dir='ltr'><strong>viri</strong></span> <span class='ocrx_word' id='word_1_161' title='bbox 523 2854 620 2921; x_wconf 86' lang='lat' dir='ltr'><strong>docti.</strong></span> 
     </span>
    </p>
   </div>
   <div class='ocr_carea' id='block_1_8' title="bbox 207 2980 1277 4137">
    <p class='ocr_par' dir='ltr' id='par_1_10' title="bbox 207 2980 1277 4137">
     <span class='ocr_line' id='line_1_22' title="bbox 297 2980 1276 3067; baseline 0.002 -22"><span class='ocrx_word' id='word_1_162' title='bbox 297 2980 394 3045; x_wconf 89' lang='lat' dir='ltr'><strong>Prius</strong></span> <span class='ocrx_word' id='word_1_163' title='bbox 436 2983 471 3046; x_wconf 91' lang='lat' dir='ltr'><strong>et</strong></span> <span class='ocrx_word' id='word_1_164' title='bbox 512 2984 637 3046; x_wconf 88' lang='lat' dir='ltr'><strong>rectam</strong></span> <span class='ocrx_word' id='word_1_165' title='bbox 680 2981 991 3067; x_wconf 71' lang='lat' dir='ltr'><strong>interpretationem</strong></span> <span class='ocrx_word' id='word_1_166' title='bbox 1032 2981 1172 3066; x_wconf 85' lang='lat' dir='ltr'><strong>praebet</strong></span> <span class='ocrx_word' id='word_1_167' title='bbox 1205 2981 1276 3047; x_wconf 90' lang='lat' dir='ltr'><strong>coll.</strong></span> 
     </span>
     <span class='ocr_line' id='line_1_23' title="bbox 209 3086 1276 3171; baseline 0 -18"><span class='ocrx_word' id='word_1_168' title='bbox 209 3086 364 3153; x_wconf 82' lang='lat' dir='ltr'><strong>Warneri</strong></span> <span class='ocrx_word' id='word_1_169' title='bbox 387 3109 412 3152; x_wconf 74' lang='lat' dir='ltr'><strong>s·</strong></span> <span class='ocrx_word' id='word_1_170' title='bbox 435 3109 466 3153; x_wconf 81' lang='lat' dir='ltr'><strong>v.</strong></span> <span class='ocrx_word' id='word_1_171' title='bbox 498 3090 643 3171; x_wconf 74' lang='grc' dir='ltr'><em>ἅγγελοςε</em></span> <span class='ocrx_word' id='word_1_172' title='bbox 675 3090 774 3171; x_wconf 78' lang='grc' dir='ltr'><em>Στὴν</em></span> <span class='ocrx_word' id='word_1_173' title='bbox 793 3090 926 3171; x_wconf 85' lang='grc' dir='ltr'><em>ἀνυδρίο</em></span> <span class='ocrx_word' id='word_1_174' title='bbox 956 3095 1021 3152; x_wconf 80' lang='grc' dir='ltr'><strong>τῶν</strong></span> <span class='ocrx_word' id='word_1_175' title='bbox 1051 3090 1194 3171; x_wconf 84' lang='grc' dir='ltr'><em>ἀγγέλων</em></span> <span class='ocrx_word' id='word_1_176' title='bbox 1223 3092 1276 3153; x_wconf 85' lang='grc' dir='ltr'><strong>καὶ</strong></span> 
     </span>
     <span class='ocr_line' id='line_1_24' title="bbox 208 3193 1277 3281; baseline 0.002 -22"><span class='ocrx_word' id='word_1_177' title='bbox 208 3196 376 3278; x_wconf 82' lang='grc' dir='ltr'><em>κάρδαμος</em></span> <span class='ocrx_word' id='word_1_178' title='bbox 397 3197 538 3278; x_wconf 78' lang='grc' dir='ltr'><em>ἄγγελος.</em></span> <span class='ocrx_word' id='word_1_179' title='bbox 585 3194 725 3274; x_wconf 77' lang='lat' dir='ltr'><strong>Quando</strong></span> <span class='ocrx_word' id='word_1_180' title='bbox 749 3216 818 3261; x_wconf 87' lang='lat' dir='ltr'><strong>non</strong></span> <span class='ocrx_word' id='word_1_181' title='bbox 840 3193 927 3281; x_wconf 81' lang='lat' dir='ltr'><strong>pluit</strong></span> <span class='ocrx_word' id='word_1_182' title='bbox 948 3196 968 3260; x_wconf 87' lang='lat' dir='ltr'><strong>i.</strong></span> <span class='ocrx_word' id='word_1_183' title='bbox 986 3216 1012 3260; x_wconf 84' lang='grc' dir='ltr'><strong>ο.</strong></span> <span class='ocrx_word' id='word_1_184' title='bbox 1028 3194 1152 3260; x_wconf 76' lang='lat' dir='ltr'><strong>desunt</strong></span> <span class='ocrx_word' id='word_1_185' title='bbox 1167 3195 1277 3278; x_wconf 80' lang='lat' dir='ltr'><strong>angeli</strong></span> 
     </span>
     <span class='ocr_line' id='line_1_25' title="bbox 209 3299 1274 3386; baseline 0.001 -20"><span class='ocrx_word' id='word_1_186' title='bbox 209 3303 292 3367; x_wconf 89' lang='lat' dir='ltr'><strong>tuno</strong></span> <span class='ocrx_word' id='word_1_187' title='bbox 315 3305 350 3366; x_wconf 95' lang='lat' dir='ltr'><strong>et</strong></span> <span class='ocrx_word' id='word_1_188' title='bbox 373 3299 551 3367; x_wconf 89' lang='lat' dir='ltr'><strong>cardamus</strong></span> <span class='ocrx_word' id='word_1_189' title='bbox 575 3304 628 3368; x_wconf 88' lang='lat' dir='ltr'><strong>est</strong></span> <span class='ocrx_word' id='word_1_190' title='bbox 650 3301 722 3368; x_wconf 87' lang='lat' dir='ltr'><strong>loco</strong></span> <span class='ocrx_word' id='word_1_191' title='bbox 743 3301 873 3386; x_wconf 83' lang='lat' dir='ltr'><strong>angeli3</strong></span> <span class='ocrx_word' id='word_1_192' title='bbox 898 3323 972 3368; x_wconf 88' lang='lat' dir='ltr'><strong>cum</strong></span> <span class='ocrx_word' id='word_1_193' title='bbox 989 3302 1128 3369; x_wconf 88' lang='lat' dir='ltr'><strong>meliora</strong></span> <span class='ocrx_word' id='word_1_194' title='bbox 1143 3303 1274 3383; x_wconf 69' lang='lat' dir='ltr'><strong>desunt.</strong></span> 
     </span>
     <span class='ocr_line' id='line_1_26' title="bbox 209 3406 1276 3495; baseline -0.001 -21"><span class='ocrx_word' id='word_1_195' title='bbox 209 3408 328 3474; x_wconf 85' lang='lat' dir='ltr'><strong>viliora</strong></span> <span class='ocrx_word' id='word_1_196' title='bbox 349 3407 425 3474; x_wconf 88' lang='lat' dir='ltr'><strong>loca</strong></span> <span class='ocrx_word' id='word_1_197' title='bbox 448 3408 613 3495; x_wconf 90' lang='lat' dir='ltr'><strong>supplent.</strong></span> <span class='ocrx_word' id='word_1_198' title='bbox 660 3409 840 3474; x_wconf 87' lang='lat' dir='ltr'><strong>Praeterea</strong></span> <span class='ocrx_word' id='word_1_199' title='bbox 861 3409 897 3474; x_wconf 90' lang='lat' dir='ltr'><strong>in</strong></span> <span class='ocrx_word' id='word_1_200' title='bbox 913 3408 982 3474; x_wconf 91' lang='lat' dir='ltr'><strong>coll.</strong></span> <span class='ocrx_word' id='word_1_201' title='bbox 998 3406 1172 3473; x_wconf 85' lang='lat' dir='ltr'><strong>Planudea</strong></span> <span class='ocrx_word' id='word_1_202' title='bbox 1186 3408 1276 3474; x_wconf 89' lang='lat' dir='ltr'><strong>inest</strong></span> 
     </span>
     <span class='ocr_line' id='line_1_27' title="bbox 209 3514 1276 3603; baseline 0 -23"><span class='ocrx_word' id='word_1_203' title='bbox 209 3515 333 3582; x_wconf 86' lang='lat' dir='ltr'><strong>eisdem</strong></span> <span class='ocrx_word' id='word_1_204' title='bbox 357 3514 468 3581; x_wconf 88' lang='lat' dir='ltr'><strong>verbis</strong></span> <span class='ocrx_word' id='word_1_205' title='bbox 493 3536 686 3601; x_wconf 89' lang='lat' dir='ltr'><strong>expressum</strong></span> <span class='ocrx_word' id='word_1_206' title='bbox 702 3518 804 3603; x_wconf 82' lang='lat' dir='ltr'><strong>atque</strong></span> <span class='ocrx_word' id='word_1_207' title='bbox 820 3517 855 3581; x_wconf 89' lang='lat' dir='ltr'><strong>in</strong></span> <span class='ocrx_word' id='word_1_208' title='bbox 872 3515 1092 3601; x_wconf 84' lang='lat' dir='ltr'><strong>Apostoliana</strong></span> <span class='ocrx_word' id='word_1_209' title='bbox 1106 3515 1171 3580; x_wconf 88' lang='lat' dir='ltr'><strong>nisi</strong></span> <span class='ocrx_word' id='word_1_210' title='bbox 1188 3514 1276 3601; x_wconf 83' lang='lat' dir='ltr'><strong>quod</strong></span> 
     </span>
     <span class='ocr_line' id='line_1_28' title="bbox 210 3617 1275 3708; baseline 0.001 -22"><span class='ocrx_word' id='word_1_211' title='bbox 210 3642 268 3708; x_wconf 88' lang='lat' dir='ltr'><strong>pro</strong></span> <span class='ocrx_word' id='word_1_212' title='bbox 292 3626 336 3694; x_wconf 82' lang='grc' dir='ltr'><strong>εἰς</strong></span> <span class='ocrx_word' id='word_1_213' title='bbox 357 3624 414 3706; x_wconf 80' lang='grc' dir='ltr'><strong>τὴν</strong></span> <span class='ocrx_word' id='word_1_214' title='bbox 436 3624 532 3705; x_wconf 84' lang='grc' dir='ltr'><em>λῆψιν</em></span> <span class='ocrx_word' id='word_1_215' title='bbox 553 3621 676 3706; x_wconf 82' lang='lat' dir='ltr'><strong>legitur</strong></span> <span class='ocrx_word' id='word_1_216' title='bbox 698 3625 731 3686; x_wconf 83' lang='grc' dir='ltr'><strong>ἒν</strong></span> <span class='ocrx_word' id='word_1_217' title='bbox 753 3630 791 3706; x_wconf 80' lang='grc' dir='ltr'><strong>τῇ</strong></span> <span class='ocrx_word' id='word_1_218' title='bbox 814 3624 912 3705; x_wconf 78' lang='grc' dir='ltr'><em>λείψει</em></span> <span class='ocrx_word' id='word_1_219' title='bbox 934 3643 964 3707; x_wconf 93' lang='lat' dir='ltr'><strong>p.</strong></span> <span class='ocrx_word' id='word_1_220' title='bbox 979 3620 1021 3687; x_wconf 84' lang='lat'><strong>41</strong></span> <span class='ocrx_word' id='word_1_221' title='bbox 1047 3617 1078 3686; x_wconf 68' lang='grc' dir='ltr'><strong>ἡ.</strong></span> <span class='ocrx_word' id='word_1_222' title='bbox 1095 3620 1161 3685; x_wconf 86' lang='grc'><strong>228</strong></span> <span class='ocrx_word' id='word_1_223' title='bbox 1184 3621 1275 3707; x_wconf 76' lang='grc'>(225)</span> 
     </span>
     <span class='ocr_line' id='line_1_29' title="bbox 209 3727 1276 3814; baseline -0.001 -20"><span class='ocrx_word' id='word_1_224' title='bbox 209 3729 322 3794; x_wconf 73' lang='lat' dir='ltr'><strong>Karta.</strong></span> <span class='ocrx_word' id='word_1_225' title='bbox 362 3728 463 3796; x_wconf 77' lang='lat' dir='ltr'><strong>euius</strong></span> <span class='ocrx_word' id='word_1_226' title='bbox 480 3728 736 3814; x_wconf 85' lang='lat' dir='ltr'><strong>explicationem</strong></span> <span class='ocrx_word' id='word_1_227' title='bbox 753 3728 895 3794; x_wconf 85' lang='lat' dir='ltr'><strong>correxit</strong></span> <span class='ocrx_word' id='word_1_228' title='bbox 910 3727 1055 3813; x_wconf 72' lang='lat' dir='ltr'><strong>Orosius,</strong></span> <span class='ocrx_word' id='word_1_229' title='bbox 1073 3728 1130 3814; x_wconf 90' lang='lat' dir='ltr'><strong>qui</strong></span> <span class='ocrx_word' id='word_1_230' title='bbox 1145 3731 1276 3811; x_wconf 82' lang='grc' dir='ltr'><em>ἄγγελος</em></span> 
     </span>
     <span class='ocr_line' id='line_1_30' title="bbox 209 3822 1274 3919; baseline 0.001 -19"><span class='ocrx_word' id='word_1_231' title='bbox 209 3856 277 3901; x_wconf 90' lang='lat' dir='ltr'><strong>non</strong></span> <span class='ocrx_word' id='word_1_232' title='bbox 316 3836 472 3902; x_wconf 89' lang='lat' dir='ltr'><strong>nuntium</strong></span> <span class='ocrx_word' id='word_1_233' title='bbox 517 3835 577 3901; x_wconf 85' lang='lat' dir='ltr'><strong>sed</strong></span> <span class='ocrx_word' id='word_1_234' title='bbox 610 3835 715 3919; x_wconf 82' lang='lat' dir='ltr'><strong>Engel</strong></span> <span class='ocrx_word' id='word_1_235' title='bbox 749 3838 864 3901; x_wconf 87' lang='lat' dir='ltr'><strong>nostro</strong></span> <span class='ocrx_word' id='word_1_236' title='bbox 900 3822 1052 3901; x_wconf 84' lang='lat' dir='ltr'><strong>sermone</strong></span> <span class='ocrx_word' id='word_1_237' title='bbox 1087 3835 1274 3919; x_wconf 83' lang='lat' dir='ltr'><strong>significare</strong></span> 
     </span>
     <span class='ocr_line' id='line_1_31' title="bbox 207 3941 1274 4029; baseline 0.002 -21"><span class='ocrx_word' id='word_1_238' title='bbox 207 3941 452 4009; x_wconf 89' lang='lat' dir='ltr'><strong>demonstravit</strong></span> <span class='ocrx_word' id='word_1_239' title='bbox 474 3943 493 4008; x_wconf 91' lang='lat' dir='ltr'><strong>l.</strong></span> <span class='ocrx_word' id='word_1_240' title='bbox 518 3965 542 4009; x_wconf 86' lang='lat' dir='ltr'><strong>s.</strong></span> <span class='ocrx_word' id='word_1_241' title='bbox 559 3965 583 4009; x_wconf 90' lang='lat' dir='ltr'><strong>s.</strong></span> <span class='ocrx_word' id='word_1_242' title='bbox 608 3965 638 4029; x_wconf 91' lang='lat' dir='ltr'><strong>p.</strong></span> <span class='ocrx_word' id='word_1_243' title='bbox 653 3943 728 4008; x_wconf 83' lang='lat'><strong>418.</strong></span> <span class='ocrx_word' id='word_1_244' title='bbox 774 3942 886 4008; x_wconf 88' lang='lat' dir='ltr'><strong>Minus</strong></span> <span class='ocrx_word' id='word_1_245' title='bbox 909 3945 1024 4009; x_wconf 88' lang='lat' dir='ltr'><strong>autem</strong></span> <span class='ocrx_word' id='word_1_246' title='bbox 1048 3943 1192 4028; x_wconf 87' lang='lat' dir='ltr'><strong>quadrat</strong></span> <span class='ocrx_word' id='word_1_247' title='bbox 1215 3963 1274 4011; x_wconf 73' lang='lat' dir='ltr'><strong>ex.-</strong></span> 
     </span>
     <span class='ocr_line' id='line_1_32' title="bbox 209 4048 1274 4137; baseline 0 -23"><span class='ocrx_word' id='word_1_248' title='bbox 209 4048 354 4135; x_wconf 88' lang='lat' dir='ltr'><strong>plieatio‚</strong></span> <span class='ocrx_word' id='word_1_249' title='bbox 384 4072 485 4137; x_wconf 89' lang='lat' dir='ltr'><strong>quam</strong></span> <span class='ocrx_word' id='word_1_250' title='bbox 518 4050 691 4119; x_wconf 86' lang='lat' dir='ltr'><strong>Katziules</strong></span> <span class='ocrx_word' id='word_1_251' title='bbox 715 4073 743 4137; x_wconf 91' lang='lat' dir='ltr'><strong>p.</strong></span> <span class='ocrx_word' id='word_1_252' title='bbox 764 4050 827 4115; x_wconf 88' lang='lat'><strong>118</strong></span> <span class='ocrx_word' id='word_1_253' title='bbox 851 4072 882 4116; x_wconf 90' lang='lat' dir='ltr'><strong>n.</strong></span> <span class='ocrx_word' id='word_1_254' title='bbox 899 4050 942 4116; x_wconf 85' lang='lat'><strong>32</strong></span> <span class='ocrx_word' id='word_1_255' title='bbox 965 4051 1118 4137; x_wconf 89' lang='lat' dir='ltr'><strong>protulit:</strong></span> <span class='ocrx_word' id='word_1_256' title='bbox 1144 4050 1212 4115; x_wconf 85' lang='grc' dir='ltr'><strong>Ὄιι</strong></span> <span class='ocrx_word' id='word_1_257' title='bbox 1235 4053 1274 4114; x_wconf 79' lang='grc' dir='ltr'><strong>οὐ</strong></span> 
     </span>
    </p>
   </div>
   <div class='ocr_carea' id='block_1_9' title="bbox 207 4158 1114 4315">
    <p class='ocr_par' dir='ltr' id='par_1_11' title="bbox 207 4158 1114 4315">
     <span class='ocr_line' id='line_1_33' title="bbox 207 4158 738 4242; baseline 0 -21"><span class='ocrx_word' id='word_1_258' title='bbox 207 4158 257 4222; x_wconf 86' lang='grc' dir='ltr'><strong>δεῖ</strong></span> <span class='ocrx_word' id='word_1_259' title='bbox 275 4166 340 4230; x_wconf 88' lang='grc' dir='ltr'><em>τοῖς</em></span> <span class='ocrx_word' id='word_1_260' title='bbox 362 4161 530 4242; x_wconf 82' lang='grc' dir='ltr'><em>κρείττοσιν</em></span> <span class='ocrx_word' id='word_1_261' title='bbox 550 4160 738 4233; x_wconf 75' lang='grc' dir='ltr'><em>ἐξισοῦσθαι.</em></span> 
     </span>
     <span class='ocr_line' id='line_1_34' title="bbox 1077 4262 1114 4315; baseline 0 -26"><span class='ocrx_word' id='word_1_262' title='bbox 1077 4262 1094 4315; x_wconf 80' lang='grc'>2</span> <span class='ocrx_word' id='word_1_263' title='bbox 1099 4262 1114 4289; x_wconf 61' lang='lat' dir='ltr'>st</span> 
     </span>
    </p>
   </div>
   <div class='ocr_carea' id='block_1_10' title="bbox 0 0 1614 5025">
    <p class='ocr_par' dir='ltr' id='par_1_12' title="bbox 0 0 1614 5025">
     <span class='ocr_line' id='line_1_35' title="bbox 0 0 1614 5025; baseline 0 2"><span class='ocrx_word' id='word_1_264' title='bbox 0 0 1614 5025; x_wconf 95' lang='lat' dir='ltr'><strong> </strong></span> 
     </span>
    </p>
   </div>
  </div>
 </body>
</html>
