3217 5025
591 539 926 651 431-·

256 764 390 828 1111125
418 765 466 829 Οὐ
497 765 532 828 τὸ
564 765 662 848 οὖρον
685 766 835 846 καθαρὸν
858 767 1020 849 ἀποκρίνει
1042 768 1096 829 τὸν
1120 768 1235 849 ἰατρόν.

257 870 460 956 Scripturam
490 870 529 935 οὗ
560 892 618 956 pro
651 874 699 946 οὐ,
731 892 833 956 quam
856 870 1021 936 Pantinus
1052 874 1258 958 preposuit‚'

165 976 338 1042 Katziules
362 998 393 1042 n.
420 977 505 1043 1876
537 978 680 1043 exhibet.
726 978 906 1044 Praeterea
940 979 1044 1043 Kurtz
1075 978 1189 1044 Jahrb.
1212 978 1235 1045 f.

165 1082 281 1149 Philol.
302 1084 383 1150 1891
409 1085 477 1170 p.8
501 1086 672 1167 ἀποκρίνει,
699 1084 777 1169 quia
798 1083 947 1168 intellegi
970 1106 1037 1151 non
1054 1089 1176 1171 petest,
1200 1087 1236 1151 in

165 1193 326 1255 ἀποκλίνει
361 1190 516 1255 mutavit.
570 1191 618 1256 De
657 1212 739 1257 veee
771 1194 950 1257 ἀποκλίνειν
985 1191 1099 1258 eonier
1133 1193 1236 1258 etiam

166 1298 282 1383 Apest.
307 1296 351 1362 VI
367 1296 427 1363 eb.
481 1297 815 1363 Commemorandum
847 1302 898 1364 est
929 1299 992 1365 hoe
1024 1299 1150 1365 dietum
1173 1299 1233 1365 ho-

165 1404 408 1469 moioteleuton
432 1424 514 1470 esse.

255 1510 330 1575 XIII
346 1512 388 1577 33
417 1511 518 1582 Οὗτος
541 1514 560 1575 ὁ
583 1515 769 1595 καθήμενος
790 1516 946 1595 ἱσταμένῳ
963 1516 1080 1578 ἔοικενε
1105 1516 1235 1578 ἐπὶτῶν

165 1620 352 1683 σπουδαίων
374 1621 428 1683 καί
452 1620 502 1683 clei
525 1619 560 1683 τδ
585 1621 729 1684 σπεύδειν
751 1621 796 1702 μὴ
820 1622 1028 1702 βουλομένων
1052 1622 1236 1703 ἀμερίμνως

165 1727 341 1808 καδῆσδαι.

255 1832 437 1918 Receptum
462 1837 513 1898 est
538 1853 559 1897 a
581 1831 735 1898 Katziule
758 1853 789 1896 n.
809 1832 902 1900 1877.

255 1940 330 2004 XIII
340 1940 384 2005 43
394 1961 415 2004 a
434 1940 513 2005 Οὐδ’
533 1942 761 2023 ἀπομύξασδαι
777 1943 936 2006 σύνοιδενε
953 1944 1078 2006 ἐπὶτῶν
1091 1946 1235 2013 ἐπιεικῶς

165 2049 321 2130 ἀνοήτων.
758 2125 762 2129 Α

256 2152 302 2218 ef.
326 2152 483 2219 Zielinski
512 2153 647 2233 Quaest.
680 2174 761 2219 eom.
785 2148 814 2239 p.
831 2154 875 2220 48
884 2176 949 2240 sq.:
980 2153 1026 2220 Ut
1058 2158 1235 2221 emunctae

165 2260 256 2325 naris
288 2259 377 2345 apud
400 2260 570 2326 Romanos
592 2259 693 2326 hemo
718 2260 859 2326 seitulus
884 2264 918 2327 et
942 2261 1081 2328 callidus
1106 2261 1233 2346 dieitur,

163 2367 214 2432 ita
245 2368 302 2453 qui
323 2366 451 2433 nullam
475 2368 551 2433 nasi
574 2388 688 2433 euram
712 2367 817 2433 habet
841 2367 931 2454 apud
955 2389 1070 2434 omnes
1094 2368 1235 2454 pupulos
1290 2355 1295 2364 ³

163 2495 223 2561 pro
254 2473 379 2541 inculto
408 2476 444 2540 et
476 2474 609 2560 stupido
633 2474 786 2541 habetur.
832 2474 919 2541 Hine
941 2479 1092 2560 κσρυζοῑν
1108 2495 1115 2510 ·
1130 2501 1234 2560 μεμα-

163 2585 338 2666 ρωμμίνος
361 2586 396 2648 et
418 2586 543 2666 κορυζᾷ
559 2634 565 2647 .
581 2585 735 2666 μωραίνει
759 2581 905 2668 (Hesyeh
925 2583 1007 2647 item
1024 2581 1145 2647 Suidas
1162 2603 1186 2647 s
1203 2605 1234 2648 v.

163 2689 300 2775 κόρυζα)
324 2739 330 2755 .
355 2738 361 2754 .
386 2740 392 2754 .
417 2739 423 2754 .
454 2689 545 2755 Idem
577 2688 666 2774 quod
688 2691 811 2773 κόρυζα
834 2687 927 2755 valet
949 2691 1044 2773 μύξα.
1060 2728 1105 2737 -
1122 2689 1235 2755 Simile

163 2795 290 2861 dietum
322 2795 412 2881 apud
442 2795 627 2861 Planudem
657 2796 828 2862 invenitur
850 2817 882 2862 n.
902 2796 980 2863 175:
1011 2798 1154 2880 Εἴδαμεν
1182 2799 1236 2861 καὶ

162 2905 292 2987 πολίτην
314 2908 473 2986 μυξιῦντα.

253 3009 328 3075 XIII
350 3010 394 3076 78
421 3012 461 3075 Ὀ
490 3013 621 3093 φεύγων
650 3012 753 3095 μύλον
784 3013 897 3094 ἄλφιτα
928 3014 1052 3095 φεύγειῑ
1087 3014 1137 3076 ἐπὶ
1170 3021 1235 3076 τῶν

163 3119 320 3188 ἑκουσίως
343 3119 615 3200 ἀποβαλλομένων
638 3119 674 3181 τὰ
699 3121 785 3201 σφίσι
807 3120 989 3202 πρόσφορα.

253 3223 379 3289 Erasm.
394 3224 447 3305 Ill,
465 3224 496 3308 3,
514 3223 572 3289 59:
606 3223 668 3303 Qui
698 3223 787 3307 fugit
810 3224 934 3290 melam
964 3223 1052 3308 fugit
1080 3224 1233 3291 farinam.

164 3330 228 3411 Qui
250 3330 374 3413 refugit
388 3329 588 3396 industriam
603 3351 671 3397 non
686 3329 817 3396 fruetur
834 3330 1074 3397 emolumentis.
1098 3330 1233 3396 Nauck:

163 3436 334 3520 Melanges
367 3435 579 3504 (irem-Rom.
596 3437 639 3502 III
662 3459 692 3524 p.
717 3438 779 3503 152
810 3438 1057 3523 paroemiaeum
1092 3437 1232 3503 subesse

163 3546 280 3610 censet
303 3544 443 3610 articulo
468 3543 587 3610 deleto.

253 3650 328 3715 XIII
344 3651 387 3717 79
404 3651 500 3735 ’Όφις
523 3656 563 3735 ἢν
584 3653 630 3736 μὴ
655 3653 742 3736 φάγῃ
767 3650 842 3735 ὅφιν
863 3653 995 3734 δράκων
1011 3654 1049 3716 οὐ
1066 3654 1233 3735 γενήσεται.

253 3756 380 3823 Erasm.
395 3758 449 3830 111,
466 3758 496 3841 3,
514 3758 573 3824 el:
599 3758 742 3844 Serpens
765 3759 830 3823 nisi
854 3760 1042 3843 seipentem
1066 3756 1145 3823 edat
1165 3779 1234 3824 non

161 3865 296 3930 futurus
328 3868 381 3930 est
412 3865 511 3930 draeo
540 3914 546 3930 .
571 3915 578 3930 .
602 3915 640 3931 ..
677 3864 888 3949 Quamquam
922 3864 1003 3930 mihi
1035 3864 1167 3951 quidem
1199 3868 1234 3931 et

162 3971 227 4036 hoe
250 3969 376 4037 dietum
402 3972 528 4037 laeeem
556 3970 649 4055 vulgi
664 3970 797 4038 videtur
813 3971 909 4038 olere.
926 4011 969 4019 -
985 3972 1038 4037 Ad
1052 3972 1142 4038 hune
1158 3993 1232 4037 ver-

163 4098 238 4143 sum
263 4078 470 4144 octonarium
494 4079 699 4145 trochaicum
723 4079 811 4144 hane
835 4078 1091 4165 explicationem
1112 4078 1234 4146 adiecit

162 4183 334 4251 Katziules
366 4205 398 4250 11.
429 4185 530 4251 1895:
568 4186 639 4251 Ἐπὶ
683 4187 847 4251 δυναστῶν
885 4188 938 4251 καὶ
972 4189 1136 4270 τυράννων
1167 4194 1234 4260 ταῖς

1053 4291 1087 4344 34
