3217 5025
610 584 824 649 ,35-

182 767 201 829 ὁ
223 764 359 847 μὲνγὰρ
382 764 427 845 μη
454 763 561 832 διδοὺς
583 764 723 846 λυπήσει,
749 764 767 825 ὁ
792 763 821 826 δ’
840 762 1032 843 ε’μπλησθείς
1056 786 1114 825 σου
1130 764 1255 845 μισήσει

182 897 225 945 σε,
243 891 329 956 quae
346 868 523 955 explicatio
541 890 615 934 cum
631 866 797 953 Apostolii
813 868 967 933 versione
979 887 1137 949 magnam
1150 866 1254 932 hebet

182 975 441 1043 similitudinem.
487 976 653 1042 Posterior
684 978 820 1041 tantum
851 996 929 1060 pars
959 974 1060 1039 huius
1088 974 1254 1059 proverbii

181 1085 352 1150 invenitur
380 1085 482 1149 etiam
513 1083 548 1147 in
572 1082 712 1147 Plenud.
744 1081 815 1148 coll.
846 1103 878 1147 n.
902 1081 961 1146 33:
983 1082 1085 1146 Ἔνθα
1109 1085 1184 1166 ἐρᾷς
1206 1082 1253 1164 μὴ

181 1194 299 1274 θάμιζε
330 1193 365 1256 et
394 1191 430 1255 in
462 1189 531 1256 coll.
563 1190 674 1255 Warn.
699 1212 728 1275 p.
755 1190 819 1254 118
843 1211 868 1254 s.
891 1211 922 1254 v.
951 1191 1041 1271 φίλος
1069 1209 1100 1253 n.
1124 1188 1161 1253 4:
1192 1189 1252 1270 Μὴ

181 1306 244 1370 πᾶς
267 1299 368 1382 συχνὰ
392 1299 446 1362 ‹rvi›
470 1300 543 1381 φίλο
567 1322 626 1362 σου
650 1299 704 1361 καὶ
727 1299 746 1361 δ
769 1299 862 1380 φίλος
877 1297 1003 1379 θαρεθῇ
1020 1321 1062 1361 σε.
1097 1293 1253 1360 Latinam

182 1404 369 1471 versionem
401 1404 505 1470 habet
528 1403 622 1469 Publ.
647 1404 717 1490 Syr.
740 1425 770 1489 p.
798 1402 861 1468 loe
884 1424 915 1466 n.
940 1403 1005 1468 572
1028 1401 1096 1467 W.:
1128 1401 1254 1466 Rarum

183 1533 258 1578 esse
282 1515 422 1597 oportet,
447 1510 537 1596 quod
561 1509 617 1575 diu
640 1531 755 1576 carum
777 1509 862 1575 velis
886 1509 925 1574 ef.
950 1508 1029 1574 Otto
1054 1530 1084 1573 n.
1104 1508 1197 1574 1507.

272 1617 334 1682 XV
352 1618 395 1683 62
425 1619 611 1702 Σιελαγμδς
642 1622 729 1682 οἴνου
760 1620 885 1700 μυρίοις
912 1623 1039 1699 χοεῦσιν
1069 1617 1184 1686 ὕδατος
1215 1618 1254 1678 οὐ

181 1730 337 1810 μίγνυταιῑ
362 1728 498 1790 ἐπὶτῶν
522 1727 741 1808 διαλυομένων
764 1727 818 1789 καὶ
840 1725 1134 1808 μεταβαλλομένων.

273 1832 489 1898 Scribendum
521 1834 574 1897 est
597 1834 787 1915 σταλαγμός
806 1830 846 1897 cf.
875 1830 987 1895 adnot.
1016 1828 1105 1894 -Hoc
1129 1829 1254 1893 dictum

183 1938 364 2024 explicavit
394 1938 520 2005 Erasm.
549 1939 604 2020 IV,
622 1939 651 2020 2,
668 1938 727 2004 58:
761 1936 869 2003 Gutta
895 1937 966 2003 vini
997 1958 1063 2001 non
1097 1936 1255 2001 miscetur

182 2068 273 2132 aqua
296 2046 431 2131 saepius
454 2045 578 2112 infusa.
625 2045 707 2111 (lum
730 2044 868 2130 paululo
893 2044 971 2109 boni
987 2043 1091 2108 nimia
1106 2043 1187 2107 mali
1201 2042 1254 2107 vis

182 2152 394 2218 admiscetur.
444 2151 589 2217 Diluitur
620 2152 709 2217 enim
744 2155 780 2216 et
811 2152 983 2216 evanescit
1014 2151 1042 2214 si
1069 2149 1254 2235 pauxillum

182 2260 254 2325 vini
277 2259 420 2344 plurima
444 2280 635 2345 corrumpas
659 2280 756 2344 aqua.

271 2367 333 2431 XV
350 2366 392 2431 63
416 2369 602 2450 Στρατηγοῦ
626 2369 892 2448 superseminet
916 2366 999 2448 ἀρχὴ
1023 2367 1194 2430 παυσάθω.

272 2473 443 2540 Katziules
467 2494 498 2539 n.
516 2473 580 2539 344
604 2473 720 2539 habet:
740 2475 899 2557 Ἀρχηγοῦ
922 2475 1080 2556 παράνιος
1102 2473 1164 2536 κτλ.

272 2580 334 2646 XV
351 2581 425 2647 Slh
448 2584 613 2665 Στράχνον
637 2585 756 2646 ἔπινενε
781 2582 847 2645 ἀντὶ
870 2587 926 2644 τοῦ
941 2581 1109 2663 μανιώδης
1124 2581 1253 2661 ἐγένετο.

183 2693 244 2754 ἔστι
269 2691 303 2754 δὲ
325 2691 454 2773 βοτάνη,
479 2689 517 2772 ἧς
540 2692 571 2753 οἱ
594 2692 781 2772 γευσάμενοι
804 2692 848 2759 εἰς
870 2690 986 2770 μανίαν
1008 2691 1179 2769 τρέπονται.

272 2794 334 2860 XV
351 2795 426 2860 95d
452 2798 514 2867 Τὰς
536 2797 683 2880 μηχανὰς
705 2797 784 2879 μετὰ
808 2796 862 2860 τὸν
885 2796 1026 2877 πόλεμον
1042 2796 1180 2877 κομίξαι
1204 2795 1254 2856 ἐπὶ

184 2910 250 2967 τῶν
273 2906 559 2986 προθυμουμένων
581 2905 715 2986 βοηθεῖν
739 2905 790 2967 ὅτε
814 2905 852 2966 οὐ
875 2905 973 2985 χρεία.

273 3009 576 3075 Commemoratum
613 3012 666 3074 est
695 3009 731 3074 in
761 3009 856 3074 Bruti
887 3008 1032 3093 epistula
1064 3006 1107 3071 ad
1134 3007 1254 3092 Lycios

182 3139 213 3202 p.
234 3116 296 3181 112
320 3116 445 3182 Ouiae:
470 3120 502 3180 αἱ
524 3119 665 3200 μηχαναὶ
688 3120 782 3199 ὑμῶν
804 3117 883 3198 μετὰ
906 3117 961 3179 τὸν
983 3117 1133 3197 πόλεμον,
1164 3116 1210 3185 ὡς
1233 3116 1253 3197 ἡ

182 3227 346 3307 παροιμία,
371 3226 598 3307 ἐκομίσθησαν.

272 3329 349 3395 XVI
369 3331 409 3395 10
435 3333 479 3395 Τά
504 3339 585 3396 σῦκα
617 3338 698 3395 σῦκα
729 3333 813 3413 λέγω
836 3332 891 3394 καὶ
913 3332 969 3412 τὴν
992 3330 1172 3410 κάρδοπονῑ
1204 3330 1254 3391 ε’πὶ

180 3445 246 3502 τῶν
268 3439 306 3501 τά
329 3440 436 3522 ἀληθῆ
459 3439 616 3521 λεγόντων
639 3439 874 3520 ἀνεπιφθόνως.

271 3543 419 3610 Leutsch
453 3545 626 3630 proposuit
655 3543 744 3609 hane
776 3542 1057 3609 emendationem:
1096 3542 1140 3605 Τά
1172 3548 1254 3605 σῦκα

183 3659 266 3717 σῦκα
291 3653 351 3735 γάρ
375 3654 458 3735 λέγω
481 3654 535 3716 καὶ
557 3654 724 3735 κάρδοπον
750 3652 814 3734 Τὴν
837 3652 1011 3734 κάρδοπον.
1051 3647 1178 3713 Similia
1195 3669 1255 3713 ex·

182 3758 547 3824 stantinversucomici
558 3757 742 3840 cuiusdam,
753 3755 1255 3843 quilegiturapudApost.124a

176 3867 344 3948 Ἅνροικός
366 3869 428 3949 εἰμι
451 3867 508 3949 τὴν
523 3869 652 3950 σκάφην
668 3868 796 3948 σκάφην
812 3867 914 3947 λέγων
931 3867 964 3929 et
980 3865 1095 3948 Apost.
1109 3862 1171 3928 XV
1183 3862 1254 3928 nob

186 3973 231 4035 Τὰ
255 3980 337 4037 σῦκα
361 3981 453 4047 σῦκα,
476 3975 532 4056 τὴν
548 3976 676 4057 σκάφην
693 3975 821 4055 σκάφην
837 3974 923 4054 λέγει.
971 3970 1255 4036 Commemoratur

183 4080 283 4144 etiam
318 4080 360 4144 ab
389 4079 465 4146 Luc.
498 4079 539 4145 de
570 4079 647 4145 hist.
672 4100 794 4144 consor.
818 4078 861 4143 41
887 4081 934 4150 ὡς
957 4081 975 4143 ὁ
998 4080 1145 4161 κωμικός
1167 4102 1255 4160 φησι,

182 4188 219 4250 τὰ
243 4195 325 4251 σῦκα
348 4195 439 4261 σῦκα,
462 4189 518 4270 την
542 4190 670 4270 σκάφην
694 4188 728 4251 δὲ
752 4187 880 4269 σκάφην
904 4188 1083 4270 ὀνομάζων.
