3217 5025
772 556 973 622 ..6-

432 735 611 801 Praeterea
633 735 667 799 in
692 755 831 800 censum
854 755 975 801 vocare
999 753 1067 799 non
1089 754 1285 819 possumus:

431 858 514 944 141,
537 859 594 924 ubi
617 859 652 923 in
673 859 820 943 Iuntina,
846 859 932 925 sicut
952 858 1019 923 iam
1035 862 1138 924 antea
1154 857 1307 939 diximus,
1330 879 1407 924 scn-

346 967 467 1033 tentia:
502 966 600 1049 Παρὰ
632 967 667 1031 di
698 1005 741 1013 -
772 969 914 1050 κομίζειν
948 966 1058 1048 deest,
1094 986 1180 1050 quae
1215 964 1251 1029 in
1284 963 1409 1030 Aldina

344 1093 475 1159 quoque
511 1072 635 1138 omissa
668 1073 703 1136 in
735 1072 953 1155 Haganoensi
982 1071 1159 1136 invenitur.
1214 1071 1301 1136 Nam
1333 1092 1407 1137 cum

343 1180 428 1244 haec
450 1178 555 1245 verba
577 1178 612 1243 in
635 1178 835 1260 corrigendis
859 1177 1013 1244 editionis
1037 1178 1201 1259 Iuntinae,
1235 1198 1303 1263 qua
1326 1198 1407 1243 usus

344 1288 396 1352 est
419 1283 584 1361 Gaisiord
609 1282 725 1350 addita
747 1285 817 1350 sint
839 1284 891 1367 (cf,
912 1283 1045 1367 adnot),
1069 1283 1144 1349 fieri
1165 1286 1287 1369 potest,
1312 1286 1352 1349 ut
1373 1284 1408 1348 in

343 1392 415 1478 ipso
433 1389 543 1457 codice
555 1391 710 1457 Iuntinae
722 1390 920 1457 exstiterint.
945 1390 1036 1471 Quae
1049 1410 1124 1457 cum
1136 1392 1186 1456 ita
1198 1412 1234 1456 se
1246 1389 1406 1472 habeant,

345 1498 621 1583 discrepationem
642 1499 791 1565 codicum
807 1498 936 1582 Hagan.
954 1497 1107 1563 editionis
1125 1500 1160 1563 et
1173 1497 1329 1562 Iuntinae
1344 1495 1408 1562 hoc

342 1604 415 1672 loco
439 1608 563 1671 certam
586 1605 710 1671 habere
734 1625 802 1670 non
825 1625 1012 1690 possumus

434 1834 616 1919 Sequentia
640 1837 754 1900 autem
777 1835 890 1916 magni
913 1834 1074 1899 momenti
1099 1836 1195 1899 sunt:

432 1958 461 2023 ll
482 1958 525 2023 60
559 1958 665 2024 habet
698 1958 833 2023 Iuntina
867 1960 1036 2042 Βόκχορις,
1071 1957 1201 2040 Hagan,
1236 1960 1407 2042 Βόκχορις.

343 2066 382 2130 In
410 2065 510 2131 huius
545 2064 609 2130 loci
639 2065 803 2150 scriptura
833 2065 957 2152 duplex
986 2065 1146 2130 memoria
1177 2069 1314 2131 servata
1344 2068 1406 2147 est,

344 2171 450 2238 altera
472 2173 634 2256 Βόκχορις
663 2173 795 2257 praeter
825 2171 860 2236 in
891 2171 1027 2236 Iuntina
1056 2170 1200 2237 traditur
1230 2170 1406 2254 codicibus

344 2279 401 2365 qui
430 2276 599 2343 Plutarchi
631 2277 806 2363 proverbia
833 2276 1060 2344 Alexandrina
1092 2277 1252 2343 exhibent
1279 2276 1334 2362 (cf.
1358 2278 1406 2344 ed.

344 2383 391 2449 Gr.
414 2405 444 2469 p.
464 2384 517 2473 13)
549 2387 584 2449 et
606 2383 698 2449 libris
721 2383 957 2469 manuscriptis
980 2383 1063 2467 PH,
1095 2387 1135 2449 ut
1165 2406 1207 2450 ex
1230 2382 1408 2450 Gaisfordii

234 2545 244 2565 .
344 2492 562 2558 adnotatione
578 2491 766 2577 accipimus.
790 2489 907 2558 Altera
922 2491 1086 2577 scriptura
1097 2493 1262 2577 Βόκχορις
1273 2493 1410 2557 servata

345 2602 397 2664 est
419 2599 455 2664 in
477 2598 614 2665 Zenobii
638 2598 748 2664 codice
771 2598 953 2664 Bodleiano
977 2619 1008 2664 n.
1032 2599 1097 2666 209
1122 2598 1171 2664 ed.
1196 2597 1350 2665 Gaisford
1374 2600 1409 2664 et

344 2705 433 2791 apud
457 2705 603 2772 Suidam.
651 2706 758 2786 Quam
788 2709 965 2791 utramque
996 2704 1118 2770 Aldina
1148 2705 1300 2792 praebet,
1333 2725 1408 2770 cum

343 2812 505 2896 Βόκχορις
524 2832 583 2897 pro
599 2812 761 2896 Βόκχορις
778 2824 867 2877 stare
883 2811 1037 2877 videatur
1052 2832 1122 2876 una
1139 2811 1253 2877 bttera
1268 2814 1408 2877 mutata.

345 2917 431 2998 Quin
465 2916 565 3000 igitur
595 2917 657 2982 hoc
689 2916 760 2982 loco
791 2915 875 3000 Hag.
908 2917 957 2982 ed.
988 2916 1161 2983 referenda
1191 2939 1259 2984 non
1290 2919 1335 2983 sit
1366 2916 1408 2984 ad

343 3023 512 3088 Iuntinam
536 3016 595 3089 sed
617 3024 739 3110 proprii
763 3023 884 3090 codicis
907 3024 1084 3090 lectionem
1108 3025 1302 3107 servaverit,
1335 3023 1408 3110 quis

345 3133 406 3212 est,
431 3130 488 3217 qui
512 3129 668 3195 dubitet?

433 3254 478 3319 IV
495 3255 546 3320 62.
584 3254 622 3318 In
644 3253 860 3337 Haganoensi
884 3258 940 3319 καί
968 3257 1128 3320 omissum
1161 3257 1221 3338 est,
1254 3254 1342 3342 quod
1374 3254 1409 3319 in

344 3361 479 3426 Iuntina
510 3363 544 3426 et
575 3361 611 3426 in
642 3360 810 3427 codicibus
841 3359 912 3425 PH
941 3361 1119 3427 invenitur.
1166 3362 1307 3428 Videtur
1328 3360 1410 3427 illud

343 3470 399 3532 καί
420 3468 523 3534 etiam
545 3468 580 3532 in
604 3466 713 3533 codice
738 3467 893 3550 defuisse,
918 3466 1006 3533 unde
1029 3468 1113 3551 Hag.
1138 3467 1188 3534 ed.
1211 3467 1343 3554 pendet

431 3592 478 3657 IV
493 3592 545 3659 76.
584 3593 654 3658 Hoc
686 3613 817 3678 quoque
848 3591 920 3658 loco
949 3593 1141 3675 negandum
1165 3596 1218 3658 est
1241 3593 1410 3658 luntinam

343 3700 470 3764 iontem
484 3698 590 3765 fuisse
606 3699 690 3783 Hag.
707 3698 872 3784 editionis,
897 3720 972 3764 cum
989 3698 1096 3764 altera
1112 3721 1181 3765 una
1197 3720 1272 3766 cum
1288 3699 1411 3765 Aldina

343 3804 504 3891 praebeat
528 3809 642 3889 ἑτέρας,
667 3805 774 3872 altera
796 3809 920 3889 πέτρος.
967 3805 1126 3888 Congruit
1149 3809 1262 3872 autem
1278 3804 1409 3888 Hagen.

345 3910 445 3977 editio
464 3932 539 3976 cum
556 3910 666 3977 codice
683 3910 864 3977 Bodleiano
880 3912 991 3978 11568
1007 3914 1132 3978 etcum
1148 3912 1315 3978 codicibus
1331 3911 1409 3977 PH.

432 4035 485 4101 IV.
507 4034 560 4100 80.
606 4034 644 4100 ln
674 4035 774 4100 huius
805 4035 869 4101 loci
900 4036 1063 4122 scriptura
1093 4036 1165 4102 sola
1194 4036 1277 4119 Hag.
1309 4033 1409 4102 editio

344 4147 494 4227 εὐμερῶς·
511 4142 625 4225 habet,
655 4142 773 4228 reliqui
797 4141 926 4208 codices
950 4147 989 4209 ut
1011 4142 1156 4227 Iuntina,
1180 4143 1312 4208 Atheus
1327 4142 1407 4225 Illy’
