3217 5025
612 544 837 611 ..63-

616 722 719 789 Mant.
743 722 840 788 Prov.

278 848 292 913 Ι
327 849 549 933 3Ἄύηναίων
573 849 744 932 δυσβουλία

306 955 352 1021 44
374 956 408 1019 Γ
403 956 554 1041 ράμματα
577 956 836 1039 Βελλεροφόντης
860 956 1036 1038 διεκόμισεν

308 1062 351 1129 63
376 1063 529 1145 Ζωάγρια
552 1064 651 1128 πίνειν
686 1103 690 1112 -

308 1167 351 1235 89
375 1169 448 1233 Κᾶν
470 1172 514 1241 εἰς
534 1171 697 1254 μάχαιραν
719 1171 933 1253 κοβιοτήσειεν

310 1275 353 1342 92
376 1277 465 1341 Κενὰ
488 1277 679 1359 κροταλίζεις
703 1278 763 1359 δχη

310 1382 353 1449 98
376 1383 493 1467 Λήθης
514 1385 624 1449 πεδίον

267 1488 349 1554 [Ill
375 1489 434 1573 Μὴ
459 1490 578 1572 κρύπτε
600 1489 635 1553 τδ
658 1490 775 1560 κάλλος
798 1490 908 1571 ὥσπερ
930 1489 966 1553 τδ
988 1489 1160 1573 ποηφάγον

308 1595 352 1662 57
374 1597 538 1678 Πέρδικος
560 1597 619 1680 ἐρᾷ
641 1621 700 1661 σου
725 1596 913 1679 δριμύτερον

308 1703 351 1769 77
372 1704 578 1786 Ῥαμνούσιος
601 1702 630 1766 εἴ

309 1807 352 1874 79
373 1810 468 1875 Ῥοιαὶ
491 1812 650 1893 νομφικαί

308 1915 351 1982 83
374 1917 580 2001 Σκαριφίζεις
603 1918 758 2000 ἅνδρωνιε

255 2022 353 2089 ΙΠ27
380 2025 452 2109 Τρὶς
473 2031 529 2088 τοῦ
552 2026 625 2107 βίον
647 2025 790 2089 λέλουται
813 2026 922 2108 ὥσπερ
946 2026 977 2089 οἱ
998 2025 1172 2109 Δαρδανεῖς

278 2218 350 2284 Iam
371 2217 616 2305 inquirendum,
648 2224 762 2285 utrum
785 2217 980 2305 Apostoliue
1003 2218 1066 2285 has
1089 2218 1259 2301 formidas,

188 2346 276 2412 quae
318 2325 408 2411 apud
452 2324 536 2392 alios
578 2326 893 2412 paroemiographos
935 2324 1032 2392 velut
1069 2325 1259 2409 Zenobiam,

187 2431 569 2518 Pseudodiogenianum,
594 2431 678 2498 alios
699 2453 767 2498 non
784 2432 1011 2518 inveniuntur,
1036 2432 1162 2519 primus
1179 2452 1259 2498 con-

189 2542 339 2626 gesserit,
364 2561 410 2607 an
433 2561 475 2607 ex
497 2539 593 2607 ionte
616 2540 777 2626 hauserit,
802 2540 861 2607 ubi
883 2541 952 2606 iam
974 2539 1117 2607 inerant.
1152 2538 1260 2621 Quam

189 2646 769 2734 quaestionemHiller:Philol.34p.
781 2647 847 2712 228
859 2646 934 2714 adn.
946 2646 982 2713 in
993 2646 1103 2714 medio
1115 2646 1258 2734 reliquit,

188 2752 247 2821 sed
269 2754 415 2821 fortasse
438 2755 514 2821 fieri
537 2757 658 2841 potest,
681 2757 721 2821 ut
744 2754 785 2821 de
805 2754 925 2821 haere
946 2755 1101 2821 certiores
1124 2753 1258 2821 fiamus

277 2860 415 2928 Praeter
449 2861 538 2948 apud
573 2861 785 2949 Apostolium
819 2861 907 2928 tales
945 2861 1107 2928 formidae
1145 2863 1180 2928 in
1219 2882 1261 2927 ea

188 2967 382 3036 collectione
394 2971 541 3054 exstant,
559 2990 646 3056 quae
659 2969 786 3036 tradita
799 2972 852 3035 est
863 2970 899 3034 in
912 2969 1023 3036 codice
1035 2968 1259 3038 Escorialensi

189 3076 327 3144 Grauxii
358 3079 393 3142 et
421 3077 457 3142 in
480 3076 626 3143 editione
650 3075 774 3143 Aldina
796 3097 826 3142 a.
853 3076 938 3143 1505
961 3077 1133 3162 impressa,
1165 3075 1259 3142 cuius

188 3183 294 3250 codex
325 3181 517 3269 deperditus
549 3186 610 3250 est
657 3184 731 3267 Qua
761 3182 802 3250 de
833 3204 868 3250 re
897 3181 1084 3270 disputavit
1108 3181 1260 3248 Orosius:

188 3289 355 3357 Analecta
386 3290 501 3356 critica
523 3312 553 3378 p.
577 3290 631 3374 38,
663 3290 721 3357 ubi
753 3289 856 3357 dixit:
888 3289 1021 3376 „Unum
1044 3288 1141 3374 addo,
1170 3288 1260 3376 quod

188 3396 279 3463 haud
321 3417 396 3464 raro
439 3417 565 3481 magna
607 3399 661 3464 est
704 3397 918 3464 conlectionis
962 3395 1144 3463 similitudo
1185 3415 1260 3462 cum

188 3504 379 3590 Apostoli03
402 3525 483 3570 nam
506 3503 609 3570 etiam
632 3503 766 3571 novicia
787 3504 847 3570 illa
870 3505 1060 3570 commenta
1083 3523 1159 3569 oum
1179 3502 1262 3588 ipsis

190 3611 379 3694 ‚‚hist0riis“
412 3632 455 3678 ex
485 3611 694 3698 Palaephato
725 3612 877 3698 repetitis
908 3613 943 3678 et
973 3609 1139 3677 Suida..
1164 3609 1260 3675 ..in

188 3716 312 3784 Aldina
336 3720 514 3803 exstant“;
538 3721 572 3784 et
595 3740 624 3806 p.
649 3718 708 3787 39:
734 3718 878 3803 „Totum
902 3718 1045 3805 denique
1068 3717 1201 3785 initium
1225 3720 1261 3784 et
1362 3808 1365 3812 .

187 3823 330 3892 Aldinae
366 3828 401 3891 et
431 3825 595 3912 Apostolii
629 3825 729 3912 plane
759 3827 960 3910 geminum“.
1014 3824 1110 3891 Talia
1145 3828 1261 3892 autom

188 3933 320 4019 utrique
350 3933 541 3999 communia
570 3934 655 4000 haec
686 3936 782 3999 sunt:
821 3934 883 4019 Ap.
907 3932 958 3999 19
981 3963 1025 3989 =
1048 3932 1122 3999 Ald.
1147 3931 1205 3999 ool.
1232 3933 1259 4015 1,

187 4041 249 4125 Ap.
261 4039 275 4104 Ι
287 4041 329 4106 56
343 4071 386 4096 =
399 4039 471 4107 Ald.
484 4039 516 4125 9,
541 4039 601 4127 Ap.
614 4040 644 4106 Π
658 4040 673 4105 1
687 4071 732 4096 =
744 4038 817 4105 Ald.
833 4038 882 4123 16,
899 4040 959 4126 Ap.
972 4039 1001 4104 ΙΙ
1013 4039 1056 4106 38
1067 4069 1112 4095 =
1123 4037 1195 4106 Ald.
1205 4037 1258 4121 26,

188 4145 249 4231 Ap.
273 4145 302 4210 11
326 4146 368 4213 oc
391 4177 436 4203 =
459 4145 532 4212 An.
556 4146 608 4229 30,
633 4147 692 4233 Ap.
716 4146 813 4213 1157
837 4178 880 4201 =
903 4145 976 4212 An.
1001 4146 1054 4228 31,
1080 4146 1139 4233 Ap.
1163 4144 1193 4210 11
1216 4145 1261 4211 es

266 4253 269 4259 ,
1061 4251 1099 4307 a*
