3217 5025
795 528 1115 593 ..4-.

357 695 741 794 obsopoeum,·docrum³
763 706 856 772 illum
872 706 991 789 virum,
1017 707 1073 792 qui
1090 704 1270 772 editionem
1286 706 1424 788 curavit,
1533 713 1537 718 ’

355 799 438 880 nihil
453 790 818 880 indicantesdol'cndlum
835 815 887 878 est
902 811 958 898 (cf.
971 812 1182 895 Simonefeld,
1200 812 1423 895 Sitzungsber.

357 922 386 987 d.
419 920 511 1008 bayr.
543 919 648 985 Akad.
672 902 761 985 ’19112
784 941 814 1006 p.
831 919 919 1004 556).
975 919 1182 985 conferenda
1212 919 1313 1002 igitur
1343 919 1424 984 mihi

359 1029 432 1094 erat
448 1015 558 1093 ‘editio
581 1026 815 1110 Haganoensis
839 1046 915 1092 cum
937 1025 1080 1091 Iuntina.
1117 1026 1235 1091 Inveni
1257 1025 1357 1091 haec:

445 1133 580 1198 141r1n
603 1133 739 1199 Iuntina
763 1133 858 1223 deest
883 1133 1069 1216 sententia:
1094 1133 1192 1216 Παρὰ
1216 1134 1251 1197 δὲ
1265 1140 1321 1197 τοῦ
1337 1134 1423 1216 ΙΙερ-

360 1243 525 1312 οέως·.οὐ·
546 1241 655 1324 λαβὼν
685 1241 758 1322 τοὺς
789 1243 906 1310 ἵππους
935 1241 1064 1313 ἐπέταξε
1095 1247 1151 1322 τῆς
1173 1240 1339 1323 Γοργόνος
1368 1241 1424 1322 τὴν

355 1348 499 1432 κεφαλὴν
522 1349 688 1430 κομίζειν..
715 1345 754 1410 ln
784 1344 908 1411 Aldina
939 1365 1070 1431 quoque
1103 1345 1278 1429 abactio
1310 1345 1423 1427 Hage-

356 1453 474 1518 noensi
508 1455 624 1518 autern
653 1452 833 1518 invenitur.
880 1449 1033 1521 Gaisiord
1066 1451 1245 1517 adnotavit
1268 1450 1425 1518 adhunc

342 1558 482 1626 locum:
506 1560 604 1643 Παρὰ
629 1560 663 1624 dd
686 1567 741 1623 τοῦ
765 1560 920 1642 Περσέως
943 1557 1047 1623 habet
1067 1558 1096 1644 F
1118 1557 1154 1622 in
1177 1558 1288 1639 corrig.

443 1666 473 1731 Π
495 1666 537 1730 35
561 1665 647 1731 Iuni.
671 1667 884 1750 Κοιόαρῳόοί

560 1771 643 1854 Hag.
667 1773 861 1855 Κιθαρῳόοί

445 1877 537 1944 1159
561 1877 647 1945 lunt.
670 1879 725 1942 τὸν
747 1881 887 1943 εἱλώτων
911 1880 1128 1960 ἀπαγαγόντες
1185 1934 1188 1940 ,

561 1985 645 2067 Hag.
668 1992 733 2049 τῶν
755 1987 894 2049 εἰλώτων
918 1969 1132 2066 ἀπαγαγόντες
1179 1986 1181 1989 ⁴

446 2090 534 2156 1160
558 2090 643 2156 lunt.
667 2092 829 2175 Βόκχορις

562 2196 645 2280 Hag.
669 2198 842 2282 Βόκχορις.

445 2302 517 2369 Ald.
542 2302 659 2369 (10151
685 2303 790 2369 habet
812 2302 953 2369 formam
971 2305 1146 2387 Βάκχυριςε
1171 2306 1221 2367 ἐπὶ
1235 2310 1299 2368 τῶν
1324 2306 1422 2369 δικαι-

355 2412 485 2485 οτάτων,
509 2418 649 2482 τοιοῦτος
672 2411 732 2493 γὰρ
755 2412 900 2494 βασιλεὺς
922 2412 1084 2492 Αἰγύπτου
1109 2412 1144 2475 at
1163 2411 1325 2495 Βόκχορις
1348 2431 1423 2477 cum

220 2548 223 2552 ⁸
356 2517 475 2585 eadem
499 2517 721 2605 explicatione
746 2522 848 2604 atque
864 2518 1001 2583 Iuntina
1024 2520 1059 2583 et
1074 2516 1204 2600 Hagan.
1221 2518 1333 2599 editio,
1359 2518 1422 2584 nisi

356 2626 444 2710 quod
468 2626 572 2691 verba
594 2624 694 2710 paulo
719 2624 816 2691 aliter
839 2624 1003 2710 disposita
1025 2626 1114 2689 sunt.

444 2731 498 2797 IV.
515 2731 558 2796 62
581 2732 666 2797 lunt.
690 2734 744 2796 καὶ
766 2734 903 2815 λαβόντα

579 2836 662 2920 Hag.
686 2840 822 2921 λαβόντα
847 2838 918 2903 sine
941 2841 1002 2905 καί.

446 2943 484 3007 ln
507 2942 630 3008 Aldina
651 2942 775 3009 lemma
797 2946 951 3027 κρητίζειν
976 2965 1051 3008 curn
1068 2944 1297 3029 explicatione,
1321 2964 1423 3030 quarn

357 3049 492 3115 Iuntina
523 3052 558 3115 et
587 3048 821 3132 Haganoensis
845 3049 1014 3132 exhibent,
1048 3049 1162 3116 deest·
1189 3049 1290 3116 Cuius
1313 3049 1423 3116 locum

357 3154 463 3220 Simile
495 3155 621 3221 dictum
645 3159 738 3222 tenet
760 3154 833 3221 Ald.
858 3155 916 3222 col.
937 3156 999 3221 107
1023 3160 1176 3240 κρητίζεις
1198 3157 1281 3240 πρὸς
1303 3159 1422 3241 Κρῆτα.

447 3261 492 3326 IV
509 3262 551 3327 76
575 3262 660 3327 lunt.
684 3266 790 3346 ἑτέρας
813 3293 856 3318 --
880 3262 952 3328 Ald.
978 3262 1036 3329 col.
1056 3263 1116 3329 101

578 3367 662 3451 Hag.
685 3372 808 3452 πέτρας.

446 3473 517 3539 Hoc
548 3474 619 3540 loco
650 3474 893 3561 vituperandus
926 3481 978 3540 est
1010 3475 1179 3557 Gaisford,
1216 3476 1302 3563 quod
1335 3476 1423 3541 hanc

358 3578 614 3667 discrepantiam
639 3580 772 3647 silentio
788 3582 968 3667 praeteriit,
995 3603 1198 3668 quamquam
1214 3605 1243 3669 p.
1262 3583 1306 3648 Vl
1327 3604 1423 3670 prae·

357 3685 450 3752 latus
482 3690 549 3753 eet:
581 3688 808 3754 Florentinam
833 3709 908 3753 curn
932 3688 1052 3754 codicis
1077 3690 1293 3775 manuscripti
1316 3691 1424 3755 instar

358 3793 416 3875 eit,
460 3814 592 3859 summa
626 3816 699 3859 oum
736 3815 816 3859 cura
850 3794 1050 3879 perlustravi
1086 3796 1223 3881 eiusque
1261 3796 1421 3862 lectiones

356 3898 470 3964 littera
502 3900 527 3964 F
560 3899 734 3966 distinctas
766 3900 891 3985 ubique
922 3901 956 3965 in
981 3901 1257 3967 annotationibus
1281 3901 1422 3987 reposui.

446 4004 492 4070 IV
508 4006 551 4071 80
574 4005 660 4072 lunt.
684 4010 826 4090 εὐμενῶς
848 4038 891 4062 =
915 4006 987 4073 Ald.
1013 4008 1071 4073 ccl.
1090 4008 1152 4072 103

577 4112 660 4194 Hag.
684 4116 829 4197 εὐμαρῶς

1590 3796 1591 3821 ι

1590 3854 1591 3931 1

1590 3998 1591 4047 i

1590 4052 1591 4103 l

1590 4138 1591 4211 l

1590 4568 1591 4633 l

1590 4638 1591 4733 l

1590 4910 1592 4971 l
