3217 5025
734 533 951 598 ‚42-

398 711 441 775 llI
456 711 499 776 49
529 713 635 794 Ψόχος
667 713 782 794 φυγὼν
812 715 855 783 εἰς
882 713 1044 794 βόρβορον
1075 714 1203 775 ἔπεσον;
1235 712 1284 774 ἐπὶ
1311 718 1376 775 τῶν

310 820 494 900 φευγόντων
516 819 615 902 μικρὰ
638 819 724 881 κακοὶ
747 819 801 882 καί
824 821 867 888 εἰς
889 820 1016 900 χείρονα
1039 819 1264 900 ἐμπιπτόντων.
1388 835 1391 843 ’

399 924 577 989 Diiudicari
600 923 725 1009 nequit,
752 924 840 990 sitne
863 922 1076 1009 proverbium
1098 924 1182 988 haec
1206 925 1376 990 sententia

311 1052 354 1096 an
390 1033 590 1116 excerptum.
638 1029 684 1095 uf.
714 1030 831 1096 Liban.
855 1029 957 1116 Epist.
982 1030 1069 1095 1683
1104 1028 1176 1095 fin:
1207 1032 1286 1094 Ἀλλ’
1310 1033 1376 1114 ἐγὼ

310 1139 420 1211 κλαίω,
444 1141 476 1201 εἴ
492 1162 533 1220 με
558 1139 660 1220 δεήσει
684 1138 734 1201 διὰ
758 1138 861 1220 φίλων
884 1139 1075 1220 φιλονεικίαν
1098 1139 1255 1220 φεύγοντα
1270 1131 1377 1221 ψύχος

310 1247 354 1315 εἰς
375 1246 538 1327 βόρβορον
562 1246 714 1326 ἐμπεσεῖν.

400 1507 492 1575 Haec
529 1509 706 1595 proverbia
746 1509 899 1592 vulgaria
941 1509 1053 1576 omnia
1092 1511 1180 1590 sunt,
1217 1529 1302 1593 quae
1341 1508 1376 1573 in

311 1615 476 1702 Apostolii
500 1615 702 1698 collectione,
728 1616 781 1680 cui
800 1616 1000 1681 Mentissam
1015 1615 1266 1680 Proverbiorum
1290 1635 1375 1699 quae

312 1721 431 1788 dicitur
446 1722 689 1803 subiunximus
714 1723 848 1807 reperiri
863 1724 1013 1808 possunt.
1052 1721 1246 1786 Praeterea
1262 1724 1375 1786 autem

311 1827 440 1894 fontem
472 1829 687 1894 recentiorem
711 1829 753 1895 ab
777 1828 950 1915 Apostolio
975 1827 1164 1894 adhibitum
1187 1828 1290 1893 etiam
1312 1849 1376 1891 nu-

312 1956 459 2000 merosas
485 1934 675 2001 exhibuisse
691 1936 885 2018 locutiones
903 1956 989 2021 quae
1006 1957 1048 2000 cx
1063 1934 1188 2000 fabulis
1203 1933 1377 1999 fluxerunt

313 2045 348 2106 et
370 2042 405 2105 in
427 2040 669 2126 proverbialem
692 2045 858 2108 venerunt
881 2062 988 2124 usum,
1020 2040 1292 2107 verisimillimum
1316 2043 1376 2105 est.

313 2148 519 2234 Quapropter
541 2147 606 2214 hae
629 2170 760 2235 quoque
785 2147 990 2234 separandae
1012 2151 1113 2233 atque
1129 2146 1376 2234 componendae

313 2257 418 2337 erant,
443 2255 477 2319 in
502 2276 585 2340 quas
609 2254 804 2321 tractandas
828 2276 917 2321 nunc
939 2253 1063 2321 incidet
1087 2255 1201 2321 oratio.

400 2503 443 2569 lll
460 2503 525 2570 2lc
544 2504 675 2588 Ἂνόρὸς
704 2507 851 2588 μείζονος
872 2506 918 2589 μὴ
942 2508 1101 2571 κοινώνει;
1132 2504 1332 2588 παραινετικὴ
1357 2506 1376 2587 ἡ

312 2614 474 2695 παροιμία.

402 2717 578 2783 Genitivus
588 2739 750 2804 personae
762 2717 870 2784 falsus
883 2723 936 2784 est
948 2722 982 2784 et
995 2719 1129 2784 dativus
1140 2715 1377 2783 restituendus

312 2823 383 2889 Hoc
407 2824 533 2890 dictum
556 2827 728 2910 sumptum
751 2827 804 2890 est
828 2846 869 2890 ex
884 2825 1010 2906 fabula,
1036 2846 1121 2910 quae
1137 2825 1277 2890 relertur
1292 2825 1379 2888 inter

314 2933 484 3015 Aesopeas
520 2930 559 2997 ci.
594 2931 712 3016 Aesop.
749 2930 797 2998 ed.
832 2931 932 2998 Halm
964 2954 995 2996 n.
1020 2931 1085 2997 258
1120 2935 1155 2997 et
1189 2930 1285 2996 Babr.
1318 2930 1377 2996 67:

312 3039 431 3120 Μέτρει
465 3038 596 3102 σεαυτόν
623 3059 629 3072 ·
657 3045 788 3122 πρᾶγμα
826 3040 928 3123 μηδὲν
966 3041 1134 3122 ἀνθρώπῳ
1169 3041 1378 3122 όυνατωτέρῳ

314 3147 447 3209 σύναπτε
469 3145 552 3228 μηδὲ
574 3148 727 3210 κοινώνει.

403 3268 506 3335 V140
529 3272 621 3335 Δυεῖν
653 3273 853 3354 ε’πιβυμήσας
884 3273 1053 3354 οὐδετέρου
1085 3274 1206 3354 ἔτυχες;
1238 3272 1287 3334 ε’πλ
1314 3276 1378 3333 τῶν

313 3379 393 3460 ἄγαν
423 3379 708 3450 πλεονεκτούντων,
740 3381 774 3441 οἳ
801 3379 852 3441 eta
886 3380 1067 3452 πλεονεξίαν
1100 3378 1155 3441 καὶ
1187 3377 1225 3440 τὰ
1256 3379 1379 3440 ἑαυτῶν

313 3485 554 3568 ἀποβάλλουσιν.

402 3590 546 3656 Iteratur
575 3591 693 3677 Apost.
716 3589 776 3654 XII
792 3589 865 3655 33a
892 3590 932 3655 ‘O
962 3592 1050 3654 dcciv
1085 3593 1285 3674 ἐπιθυμήσας
1315 3593 1377 3655 κτλ.

313 3695 439 3762 Eadem
456 3696 628 3762 sententia
643 3717 802 3782 expressa
818 3700 872 3762 est
886 3697 1002 3782 Apost.
1019 3696 1079 3761 ΧΗ
1091 3697 1158 3763 97ο
1170 3698 1210 3762 ‘O
1223 3699 1379 3762 πλειόνων

314 3806 398 3887 ἕραῖν
420 3804 474 3866 καὶ
496 3813 560 3867 τῶν
582 3805 768 3887 προσόντων
792 3806 1012 3884 ἀποστερεῖται,
1035 3805 1191 3868 Αἰσώπου
1212 3806 1247 3868 et
1263 3804 1378 3889 Apost.

313 3909 374 3974 Xll
389 3909 441 3975 33.
465 3908 557 3989 Quae
574 3909 686 3975 omnia
701 3910 743 3975 ad
760 3910 971 3976 notissimam
985 3908 1076 3975 illam
1092 3911 1214 3995 Aesopi
1229 3908 1379 3976 fabulam

313 4014 488 4082 referenda
511 4036 585 4081 esse
607 4014 772 4099 videntur,
796 4036 882 4102 quae
905 4019 1060 4083 narratur
1083 4016 1123 4082 de
1148 4038 1230 4082 cane
1247 4036 1379 4082 earnem

312 4123 469 4205 gestante
493 4120 533 4186 ci.
556 4122 633 4187 Aes,
657 4121 705 4187 ed.
729 4123 828 4188 Halm
853 4144 883 4189 n.
900 4123 974 4188 233.
