3217 5025
765 584 989 649 ...18-

346 761 471 827 conieio
495 764 677 846 suppiam
709 760 796 827 Nam
819 760 1010 827 huiusmodi
1026 760 1191 847 quaedam
1206 761 1263 828 ille
1277 761 1410 829 videtur

346 867 572 933 admiscuisse.

435 973 494 1038 Vll
513 974 554 1039 15
569 976 777 1058 Ἕμπροαόεν
797 977 950 1059 κρημνός,
982 978 1114 1040 ὄπισθεν
1136 977 1243 1041 idme:
1273 977 1323 1040 ἐπὶ
1345 983 1412 1040 τῶν

346 1084 380 1146 ἐν
401 1084 495 1164 μέσῳ
516 1083 575 1145 όόο
598 1088 711 1146 κακῶν
735 1083 890 1165 dardanum
911 1085 1157 1166 περιπαρέντιον.

435 1186 628 1253 Omrcctura
656 1190 922 1272 ncpcpdaptvrwr
946 1208 1004 1273 pro
1031 1191 1276 1271 περιπαρέντων,
1308 1209 1410 1274 quam

346 1294 491 1360 leutsch
502 1293 687 1380 proposuit<
699 1293 889 1360 necessaria
903 1315 973 1360 non
988 1297 1049 1377 est,
1066 1315 1146 1359 nam
1157 1315 1225 1359 vox
1235 1298 1410 1378 περαιτέρω

347 1400 410 1466 hoc
438 1399 510 1466 loco
542 1401 667 1467 bonum
697 1400 801 1467 habet
830 1421 975 1466 censum.
1021 1399 1147 1467 Erasm.
1163 1400 1216 1485 Ill,
1232 1401 1264 1485 4,
1281 1401 1326 1466 94
1349 1421 1412 1466 ero«

346 1505 497 1593 plicavit:
514 1509 544 1572 A
559 1508 669 1574 fronte
683 1507 913 1594 praecipitium
931 1530 953 1573 a
964 1512 1057 1591 tergo
1074 1507 1151 1594 lupi.
1191 1508 1273 1573 Cum
1289 1508 1412 1594 atquin

345 1614 423 1679 hinc
446 1617 549 1700 atque
570 1614 648 1680 hino
671 1613 801 1680 duobus
826 1615 981 1680 maximia
1004 1615 1165 1700 premitur
1179 1613 1287 1694 malie,
1313 1615 1410 1681 utin

347 1724 601 1807 utrumcumque
631 1719 792 1803 inciderit,
824 1720 1031 1807 pereundum
1062 1722 1115 1787 sit.
1168 1719 1319 1787 Eandem
1350 1743 1409 1788 ex-

347 1827 558 1913 plicationem
574 1832 677 1913 atque
690 1827 885 1914 Apostolius
901 1826 1073 1893 Katziules
1085 1828 1161 1893 aliis
1175 1828 1285 1893 verbis
1302 1826 1411 1894 reddit

346 1954 378 1998 n.
395 1933 476 2000 786:
495 1936 566 1999 Ἐπὶ
586 1943 652 2001 τῶν
668 1937 737 2001 dcci
752 1944 866 2007 κακοῖς
881 1937 1098 2019 ἐμπιπτόντων
1113 1937 1167 1999 καὶ
1182 1936 1410 2011 ἐνὸοιαζόντων

348 2042 399 2105 διὰ
429 2042 484 2106 τὸν
515 2043 671 2107 κίνδυνον.
723 2040 832 2106 Huius
862 2041 1029 2128 proverbii
1059 2042 1161 2106 etiam
1192 2041 1227 2105 in
1254 2044 1410 2127 poemate

347 2145 548 2233 Byzantino:
575 2149 618 2213 Τὸ
641 2150 720 2213 κατὰ
735 2150 915 2232 Λίβοστρον
938 2150 992 2213 καὶ
1011 2149 1188 2233 Ῥοὸόμνην
1204 2149 1408 2214 mentionem

346 2252 420 2319 ficri
434 2253 559 2320 Polites
568 2256 733 2340 Ἐπετηρὶς
744 2256 940 2339 Παρνασσοῦ
953 2258 991 2319 Α’
1007 2254 1121 2339 (1897)
1133 2276 1163 2340 p.
1179 2254 1244 2319 223
1268 2254 1411 2337 monuit,

348 2360 404 2446 qui
438 2361 501 2426 hoc
531 2361 602 2427 loco
633 2361 741 2427 multa
772 2383 903 2448 quoque
934 2382 1024 2427 nova
1056 2360 1209 2447 exempla
1240 2361 1409 2427 excitavit.

310 2500 313 2508 ¹
348 2466 460 2535 Simile
483 2468 694 2556 proverbium
717 2469 820 2535 etiam
836 2467 924 2555 apud
942 2468 1110 2534 Romanos
1125 2468 1302 2535 invenitur.
1337 2467 1411 2549 Qua

347 2575 387 2642 de
409 2598 445 2643 re
469 2574 508 2642 ci.
533 2575 611 2644 Otto
635 2598 666 2643 11.
684 2576 758 2643 986.

437 2683 497 2749 VH
508 2684 551 2749 20
563 2686 654 2757 Ἑνὸς
668 2686 819 2769 χανόντος
834 2686 1024 2768 μετέσχηκεν
1039 2686 1161 2767 ἅτεροςτ
1178 2678 1409 2753 αὐτοδίδακτος.

437 2791 498 2856 Pro
506 2789 819 2875 perdomuevNauok
828 2787 1112 2876 etMayor(Journ.
1122 2784 1410 2874 ofPhilol.IV320)

346 2902 555 2981 μετακέχηνεν
577 2899 829 2982 proposuerunt.
868 2895 1029 2961 Trimeter
1047 2894 1210 2961 iambicus
1228 2899 1288 2978 ost
1311 2915 1410 2982 quem

347 2994 472 3070 Flrasm
489 3003 542 3083 111,
558 3003 590 3087 4,
608 3002 650 3070 95
681 3003 744 3069 hoc
775 2998 874 3070 modo
898 3003 1152 3088 interpretatur:
1184 3000 1267 3068 Cum
1290 2998 1411 3068 oscitat

347 3132 444 3194 unua,
463 3110 578 3176 statim
595 3111 715 3176 oscitat
732 3112 767 3176 et
782 3104 875 3176 alter.
913 3106 1098 3174 Dicendum
1114 3109 1244 3189 quoties
1260 3104 1412 3194 exemplo·

347 3217 475 3302 peccati
498 3217 614 3283 statim
638 3220 838 3303 provocatur
861 3216 982 3303 aliquis
998 3213 1041 3281 ad
1058 3216 1164 3280 simile
1179 3214 1319 3280 facinus.
1357 3212 1412 3280 Fit

349 3329 463 3390 autem
492 3324 557 3390 hcc·
587 3322 716 3390 occulta
740 3322 885 3410 quadam
909 3326 1051 3388 naturae
1074 3323 1118 3407 vi,
1150 3325 1189 3387 ut
1212 3322 1269 3409 qui
1291 3320 1411 3388 viderit

349 3432 548 3497 oscitantem
571 3435 709 3514 cogatur
731 3434 766 3496 et
788 3430 860 3516 ipse
884 3430 1033 3495 oscitare.
1081 3428 1181 3494 Cuius
1204 3431 1251 3493 roi
1274 3446 1412 3494 causam

349 3539 450 3604 etiam
484 3536 619 3603 reddere
654 3539 819 3603 conantur
841 3535 1037 3621 philosophi.
1059 3570 1103 3583 *-
1123 3534 1169 3600 Oi.
1193 3536 1288 3601 Alex.
1311 3533 1411 3620 Aphr.

348 3643 456 3710 Probi
470 3644 493 3727 l,
510 3645 568 3710 34:
593 3647 651 3709 Διό
672 3648 702 3709 τί
722 3647 754 3709 οἱ
774 3646 941 3728 βλέποντες
961 3645 1195 3726 χασμωμέτοας
1209 3649 1412 3726 perendinam

349 3753 401 3816 dui
430 3752 466 3815 τὸ
496 3753 554 3836 τὴν
574 3759 669 3835 φῦσιν
692 3752 902 3833 ὁμοιοπαθεῖν
925 3750 979 3813 καὶ
1003 3752 1199 3833 συμπάσχειν
1220 3756 1284 3813 τῶν
1307 3750 1411 3823 ζώων.

437 3856 497 3921 Vll
513 3858 555 3922 23
574 3858 628 3922 Ἐν
649 3865 714 3929 τοῖς
736 3859 844 3928 τόποις
866 3863 931 3920 τῶν
953 3858 1082 3939 τυφλῶν
1097 3857 1225 3939 Δάμων
1240 3857 1412 3939 flaocado:

349 3967 587 4048 ἑτερόφθαλμος
610 3966 670 4047 γὰρ
694 3965 741 4047 ἦν.

437 4070 598 4135 Erasmus
609 4070 662 4152 111,
679 4069 762 4152 aco
787 4070 904 4135 vertit:
936 4069 974 4134 ln
1002 4069 1134 4151 regione
1159 4089 1331 4134 caecorum
1354 4087 1413 4133 rex

350 4183 402 4244 est
423 4177 545 4242 luscum
584 4175 848 4263 Explicationem
864 4175 994 4242 addidit
1008 4174 1179 4241 Katziules
1195 4196 1226 4243 n.
1243 4176 1324 4240 850:
1342 4172 1414 4239 'lini
