3217 5025
775 581 998 646 ..48-

437 759 547 826 &⁷781
569 762 603 825 Γ
599 760 739 832 υνοσκὸς
761 761 845 844 αὐδὴ
869 762 1008 832 θάνατος
1030 763 1203 842 νεωτέροις.

436 866 482 932 VI
498 866 549 933 8b
573 868 709 933 Atrianus
732 867 849 933 σαυτὸν
872 868 1049 932 ἀποκλίνειν
1073 868 1247 950 ἐμφρόνως

570 976 733 1058 Δρσσμῶν
756 975 831 1038 ἄνευ
855 975 961 1056 λόγων
983 999 1015 1038 τε
1037 998 1091 1037 κοι
1112 981 1178 1038 τῶν
1201 974 1344 1057 εὐλόγων

569 1082 723 1163 Δροσμσῦ
747 1082 919 1162 στσγείροις
940 1087 996 1144 τοῦ
1019 1082 1116 1144 πάλαι
1137 1084 1349 1164 μεμνημένος.

438 1185 482 1252 Ηί
516 1207 632 1252 versus
666 1184 811 1251 fortasse
844 1207 887 1251 ex
919 1171 1037 1251 codem
1066 1187 1222 1272 poemate
1254 1185 1420 1253 didactico

348 1291 535 1380 Byzantino
558 1292 631 1358 nati
655 1295 744 1375 sunt,
769 1290 858 1357 undo
881 1293 996 1378 Apost.
1020 1291 1085 1358 116
1115 1292 1296 1359 fluxerunt.
1342 1292 1420 1359 Vox

348 1401 519 1483 στσγείρσις
542 1402 697 1485 corrupta
720 1420 794 1465 esse
817 1398 958 1466 videtur.

438 1505 541 1571 V167
564 1506 632 1570 Εἶτ’
650 1510 690 1571 ἂν
704 1510 733 1570 τί
746 1508 843 1589 λέγεις
858 1507 966 1591 ῥήτωρ
983 1509 1031 1571 ὢν
1047 1508 1217 1591 φιλοσόφῳ
1225 1532 1237 1584 ,·
1261 1504 1422 1592 Sequitur

348 1617 542 1699 excerptum
566 1633 608 1678 ex
632 1611 776 1698 quodam
799 1611 882 1679 libro
906 1612 1077 1679 rhetorico.
1457 1632 1459 1635 ·

438 1718 500 1784 Hic
523 1740 656 1805 quoque
679 1719 830 1785 trimeter
852 1719 1015 1786 iambicus
1039 1722 1092 1785 ost
1113 1717 1266 1785 noviciae
1282 1721 1372 1785 artis.

439 1825 498 1891 VH
513 1827 534 1892 3
552 1826 667 1898 Ἕλκος
690 1829 755 1910 ἔχω
778 1826 833 1891 τὸν
857 1829 983 1909 ἔρωτα·
1001 1829 1063 1909 ῥέει
1084 1827 1120 1890 δέ
1133 1851 1190 1909 μοι
1205 1828 1312 1898 ἕλκεος
1327 1830 1420 1910 ἴχωρ.

438 1932 641 1998 Hexamcter
664 1930 850 2018 dactylicus
867 1933 921 1998 cst
934 1931 1080 1998 fortasse
1097 1929 1256 2019 antiquae
1274 1931 1420 2015 originis,

437 2038 512 2104 VIII
527 2038 596 2104 42s
614 2039 719 2111 Ἧθος
742 2040 880 2122 φυσικὸν
901 2039 947 2124 μὴ
972 2040 1067 2105 θετὸν
1090 2042 1227 2122 στέργειν
1250 2027 1330 2124 φίλει

610 2145 674 2210 Ἢν
695 2147 755 2229 μὲν
779 2147 839 2230 γὰρ
864 2149 960 2230 ἔσχες,
983 2148 1028 2217 τίς
1051 2148 1239 2211 ἕκιτιλάστον
1263 2148 1373 2230 χάρις,·

610 2253 673 2317 Ἢν
697 2253 770 2316 δ’σῦ
795 2253 939 2336 ἁμάρτῃς
961 2255 1091 2336 φύσεως
1115 2254 1287 2337 ὅσοκληρίᾳ

611 2358 764 2442 Ἤνεγκεν
788 2360 883 2424 οὐδὲν
905 2361 940 2423 τὸ
963 2362 1185 2443 πεπλασμένον
1207 2359 1311 2424 πλέον.

438 2464 513 2532 VIII
528 2466 601 2550 833
629 2467 746 2533 Θανὼν
776 2455 854 2532 καθ’
888 2469 1008 2539 ὕπνους
1037 2468 1217 2552 φροντίδων
1248 2470 1303 2552 ἔσῃ
1336 2467 1419 2551 δίχα.

437 2573 750 2662 interpretationem
790 2574 930 2661 praebet
956 2572 1287 2657 urasm.21v‚1‚18:
1323 2572 1418 2639 Curis

348 2681 486 2749 vacabis
503 2683 655 2747 mortuus
670 2702 730 2768 por
745 2682 920 2747 somnium.
943 2679 1136 2747 Vcrsiculus
1152 2680 1252 2764 vulgo
1268 2679 1420 2745 iactatus

349 2788 439 2875 apud
452 2786 596 2854 Graecos
609 2808 651 2853 ex
673 2787 907 2873 superstitiosa
918 2788 1158 2853 insomniorum
1174 2786 1417 2854 observatione.

348 2893 600 2960 Existimabant
623 2895 712 2961 enim
736 2915 812 2960 cum
837 2893 893 2981 qui
916 2915 952 2960 sc
976 2895 1059 2960 mori
1075 2890 1277 2961 somniasset
1292 2914 1314 2959 a
1330 2892 1419 2959 curis

348 2999 576 3086 molestiisque
599 2999 778 3066 liberatum
801 3001 849 3066 iri.

438 3104 512 3172 VIII
529 3096 571 3172 99
588 3108 681 3192 Ἴαμο
706 3111 845 3192 γλώττης
868 3108 1030 3192 ἐγκράτεια
1054 3110 1180 3179 κοιλίας.

438 3214 484 3279 IX
500 3214 542 3283 57
565 3215 679 3281 Κακόν
700 3215 736 3280 τὸ
760 3216 859 3280 καλὸν
882 3219 921 3298 ἥν
943 3241 970 3278 τι
991 3216 1038 3298 μὴ
1062 3221 1176 3297 καιροῦ
1199 3215 1286 3298 τύχη.

438 3319 564 3387 Erasm.
580 3320 626 3386 IV
642 3322 672 3404 3,
690 3322 727 3387 2:
758 3320 890 3387 Bonum
913 3321 1039 3387 malum
1062 3321 1105 3386 fit
1127 3323 1276 3406 tempore
1300 3319 1420 3386 datum

347 3426 439 3494 haud
463 3449 533 3495 suo.
579 3426 669 3493 Nihil
692 3431 825 3511 gratum
848 3426 937 3514 quod
960 3427 1236 3514 intempestivum
1260 3418 1286 3492 e.
1301 3431 1372 3512 qs

437 3534 497 3601 XII
514 3533 588 3599 39b
617 3535 676 3600 Οἷα
699 3537 772 3620 παρ’
799 3537 895 3599 ἄλλον
918 3536 963 3619 μὴ
988 3537 1103 3600 ποθεῖν
1127 3536 1210 3606 ὅλως
1232 3535 1335 3605 θέλεις

609 3640 741 3707 Τοιοῦτο
764 3642 818 3706 καὶ
842 3638 879 3706 σὺ
902 3642 947 3725 μὴ
973 3626 1052 3724 δρᾶν
1076 3642 1244 3725 ἀνθρώπῳ
1266 3642 1349 3706 θέλε.

438 3745 513 3812 VIII
531 3747 602 3813 lssa
629 3748 742 3820 Οὐδεὶς
764 3748 846 3831 ἀνὴρ
869 3750 982 3820 τέλειος
1005 3749 1117 3831 ἀρετῆς
1139 3750 1222 3812 ἄνευ.

438 3852 513 3919 XIII
529 3853 572 3918 54
600 3855 702 3920 Οὐδὲν
720 3855 878 3939 Ὀρέστης
900 3856 982 3938 πρὸς
1004 3856 1157 3938 ἡμᾶςκαὶ
1173 3855 1342 3937 uvidum:
1366 3855 1415 3937 ἔφ’

348 3963 482 4044 ἑτοίροιν
505 3962 585 4043 ἄγον
608 3963 733 4046 ἀλλήλω
756 3950 943 4044 φιλοτίντοιν.
966 3962 1068 4026 τούτω
1091 3963 1152 4045 γὰρ
1176 3962 1226 4026 ἐπὶ
1246 3962 1332 4044 φιλίᾳ
1349 3961 1416 4024 δισ-

347 4050 540 4152 βεβόησθον.
565 4068 660 4151 ὁμοία
683 4077 721 4151 τῇ
737 4087 743 4102 ·
761 4068 855 4132 οὐδὲν
878 4069 960 4151 πρὸς
982 4071 1067 4151 ἡμᾶς
1091 4071 1122 4132 οῖ
1143 4068 1340 4161 Μολιονίιλσι.

438 4172 529 4238 XVII
544 4173 588 4238 80
616 4174 715 4239 Φάων
747 4174 898 4258 ὗπάρχεις
928 4182 973 4257 τῷ
1004 4176 1108 4239 κάλλει
1135 4176 1189 4238 καλ
1212 4175 1266 4239 τὸν
1288 4173 1420 4258 τρόπον..
