<?xml version="1.0" encoding="UTF-8"?>
<!DOCTYPE html PUBLIC "-//W3C//DTD XHTML 1.0 Transitional//EN"
    "http://www.w3.org/TR/xhtml1/DTD/xhtml1-transitional.dtd">
<html xmlns="http://www.w3.org/1999/xhtml" xml:lang="en" lang="en">
 <head>
  <title>
</title>
<meta http-equiv="Content-Type" content="text/html;charset=utf-8" />
  <meta name='ocr-system' content='tesseract 3.04.00' />
  <meta name='ocr-capabilities' content='ocr_page ocr_carea ocr_par ocr_line ocrx_word'/>
</head>
<body>
  <div class='ocr_page' id='page_1' title='image "./quaestionesparo00petzgoog_0027.png"; bbox 0 0 3217 5025; ppageno 0'>
   <div class='ocr_carea' id='block_1_1' title="bbox 621 599 838 664">
    <p class='ocr_par' dir='ltr' id='par_1_1' title="bbox 621 599 838 664">
     <span class='ocr_line' id='line_1_1' title="bbox 621 599 838 664; baseline 0.005 -19"><span class='ocrx_word' id='word_1_1' title='bbox 621 599 838 664; x_wconf 71' lang='lat'>-21-</span> 
     </span>
    </p>
   </div>
   <div class='ocr_carea' id='block_1_2' title="bbox 192 773 1263 1184">
    <p class='ocr_par' dir='ltr' id='par_1_2' title="bbox 192 773 1263 1184">
     <span class='ocr_line' id='line_1_2' title="bbox 192 773 1263 864; baseline 0.007 -27"><span class='ocrx_word' id='word_1_2' title='bbox 192 774 372 856; x_wconf 79' lang='grc' dir='ltr'><strong><em>βλάψουσιν</em></strong></span> <span class='ocrx_word' id='word_1_3' title='bbox 394 777 496 857; x_wconf 73' lang='grc' dir='ltr'>ἡμᾶς.1</span> <span class='ocrx_word' id='word_1_4' title='bbox 532 773 604 840; x_wconf 85' lang='grc' dir='ltr'>Ηοα</span> <span class='ocrx_word' id='word_1_5' title='bbox 629 797 761 862; x_wconf 89' lang='lat' dir='ltr'>quoque</span> <span class='ocrx_word' id='word_1_6' title='bbox 781 777 992 862; x_wconf 84' lang='lat' dir='ltr'>proverbium</span> <span class='ocrx_word' id='word_1_7' title='bbox 1009 777 1130 862; x_wconf 82' lang='lat' dir='ltr'>vulgus</span> <span class='ocrx_word' id='word_1_8' title='bbox 1147 800 1263 864; x_wconf 91' lang='lat' dir='ltr'>sapere</span> 
     </span>
     <span class='ocr_line' id='line_1_3' title="bbox 192 878 1263 969; baseline 0.007 -25"><span class='ocrx_word' id='word_1_9' title='bbox 192 878 320 945; x_wconf 76' lang='lat' dir='ltr'>Erasm.</span> <span class='ocrx_word' id='word_1_10' title='bbox 352 879 441 962; x_wconf 89' lang='lat' dir='ltr'>dicit,</span> <span class='ocrx_word' id='word_1_11' title='bbox 474 881 532 967; x_wconf 90' lang='lat' dir='ltr'>qui</span> <span class='ocrx_word' id='word_1_12' title='bbox 554 881 608 966; x_wconf 90' lang='lat' dir='ltr'>III,</span> <span class='ocrx_word' id='word_1_13' title='bbox 626 882 695 966; x_wconf 53' lang='grc' dir='ltr'>αὖ</span> <span class='ocrx_word' id='word_1_14' title='bbox 720 883 881 969; x_wconf 90' lang='lat' dir='ltr'>explicat:</span> <span class='ocrx_word' id='word_1_15' title='bbox 915 883 1026 949; x_wconf 86' lang='lat' dir='ltr'>Stulto</span> <span class='ocrx_word' id='word_1_16' title='bbox 1058 884 1198 968; x_wconf 77' lang='lat' dir='ltr'>digitum</span> <span class='ocrx_word' id='word_1_17' title='bbox 1221 907 1263 952; x_wconf 88' lang='lat' dir='ltr'>ne</span> 
     </span>
     <span class='ocr_line' id='line_1_4' title="bbox 193 985 1262 1077; baseline 0.007 -26"><span class='ocrx_word' id='word_1_18' title='bbox 193 985 389 1069; x_wconf 90' lang='lat' dir='ltr'>ostenderis,</span> <span class='ocrx_word' id='word_1_19' title='bbox 415 990 453 1053; x_wconf 91' lang='lat' dir='ltr'>ut</span> <span class='ocrx_word' id='word_1_20' title='bbox 468 1007 511 1052; x_wconf 93' lang='lat' dir='ltr'>ne</span> <span class='ocrx_word' id='word_1_21' title='bbox 526 987 674 1074; x_wconf 83' lang='lat' dir='ltr'>palmam</span> <span class='ocrx_word' id='word_1_22' title='bbox 690 989 793 1056; x_wconf 81' lang='lat' dir='ltr'>etiarn</span> <span class='ocrx_word' id='word_1_23' title='bbox 809 989 948 1056; x_wconf 85' lang='lat' dir='ltr'>devoret</span> <span class='ocrx_word' id='word_1_24' title='bbox 962 989 1051 1057; x_wconf 90' lang='lat' dir='ltr'>Nihil</span> <span class='ocrx_word' id='word_1_25' title='bbox 1066 992 1262 1077; x_wconf 88' lang='lat' dir='ltr'>permitten-</span> 
     </span>
     <span class='ocr_line' id='line_1_5' title="bbox 193 1092 994 1184; baseline 0.009 -26"><span class='ocrx_word' id='word_1_26' title='bbox 193 1093 273 1159; x_wconf 90' lang='lat' dir='ltr'>dum</span> <span class='ocrx_word' id='word_1_27' title='bbox 297 1092 563 1180; x_wconf 75' lang='lat' dir='ltr'>imprudentibus</span> <span class='ocrx_word' id='word_1_28' title='bbox 587 1099 806 1183; x_wconf 88' lang='lat' dir='ltr'>quantumvis</span> <span class='ocrx_word' id='word_1_29' title='bbox 829 1097 994 1184; x_wconf 89' lang='lat' dir='ltr'>pusillum.</span> 
     </span>
    </p>
   </div>
   <div class='ocr_carea' id='block_1_3' title="bbox 191 1200 1265 4286">
    <p class='ocr_par' dir='ltr' id='par_1_3' title="bbox 193 1200 1265 1499">
     <span class='ocr_line' id='line_1_6' title="bbox 282 1200 1263 1292; baseline 0.008 -28"><span class='ocrx_word' id='word_1_30' title='bbox 282 1200 358 1265; x_wconf 89' lang='lat' dir='ltr'>VIII</span> <span class='ocrx_word' id='word_1_31' title='bbox 381 1202 419 1265; x_wconf 93' lang='grc'>11</span> <span class='ocrx_word' id='word_1_32' title='bbox 451 1203 564 1287; x_wconf 84' lang='grc' dir='ltr'><strong><em>Εύχου</em></strong></span> <span class='ocrx_word' id='word_1_33' title='bbox 599 1212 642 1287; x_wconf 84' lang='grc' dir='ltr'>τῷ</span> <span class='ocrx_word' id='word_1_34' title='bbox 671 1206 803 1289; x_wconf 80' lang='grc' dir='ltr'><em>πλησίον</em></span> <span class='ocrx_word' id='word_1_35' title='bbox 834 1208 923 1289; x_wconf 82' lang='grc' dir='ltr'><strong><em>ἔχειν,</em></strong></span> <span class='ocrx_word' id='word_1_36' title='bbox 956 1208 1006 1270; x_wconf 79' lang='grc' dir='ltr'>ἐπὶ</span> <span class='ocrx_word' id='word_1_37' title='bbox 1035 1209 1131 1272; x_wconf 80' lang='grc' dir='ltr'><em>πλέον</em></span> <span class='ocrx_word' id='word_1_38' title='bbox 1162 1209 1197 1272; x_wconf 79' lang='grc' dir='ltr'>δὲ</span> <span class='ocrx_word' id='word_1_39' title='bbox 1226 1216 1263 1292; x_wconf 80' lang='grc' dir='ltr'>τῇ</span> 
     </span>
     <span class='ocr_line' id='line_1_7' title="bbox 193 1310 1265 1397; baseline 0.007 -25"><span class='ocrx_word' id='word_1_40' title='bbox 193 1311 309 1392; x_wconf 70' lang='grc' dir='ltr'><strong><em>χύτρας</em></strong></span> <span class='ocrx_word' id='word_1_41' title='bbox 332 1310 476 1392; x_wconf 79' lang='grc' dir='ltr'><strong><em>παρόσον</em></strong></span> <span class='ocrx_word' id='word_1_42' title='bbox 499 1312 534 1375; x_wconf 90' lang='grc' dir='ltr'>τὸ</span> <span class='ocrx_word' id='word_1_43' title='bbox 551 1314 634 1375; x_wconf 83' lang='grc' dir='ltr'><strong><em>οἴκοι</em></strong></span> <span class='ocrx_word' id='word_1_44' title='bbox 649 1315 731 1395; x_wconf 83' lang='grc' dir='ltr'><strong><em>ἔχειν</em></strong></span> <span class='ocrx_word' id='word_1_45' title='bbox 745 1314 867 1396; x_wconf 77' lang='grc' dir='ltr'><strong><em>βέλτιον</em></strong></span> <span class='ocrx_word' id='word_1_46' title='bbox 881 1320 937 1377; x_wconf 85' lang='grc' dir='ltr'>τοῦ</span> <span class='ocrx_word' id='word_1_47' title='bbox 953 1315 1040 1397; x_wconf 87' lang='grc' dir='ltr'><strong><em>παρὰ</em></strong></span> <span class='ocrx_word' id='word_1_48' title='bbox 1056 1321 1112 1378; x_wconf 83' lang='grc' dir='ltr'>τοῦ</span> <span class='ocrx_word' id='word_1_49' title='bbox 1129 1317 1265 1397; x_wconf 81' lang='grc' dir='ltr'><strong><em>γείτονος</em></strong></span> 
     </span>
     <span class='ocr_line' id='line_1_8' title="bbox 195 1417 353 1499; baseline 0.013 -20"><span class='ocrx_word' id='word_1_50' title='bbox 195 1417 353 1499; x_wconf 73' lang='grc' dir='ltr'><strong><em>δέχεσθαι,</em></strong></span> 
     </span>
    </p>

    <p class='ocr_par' dir='ltr' id='par_1_4' title="bbox 191 1520 1264 2892">
     <span class='ocr_line' id='line_1_9' title="bbox 283 1520 1264 1611; baseline 0.006 -25"><span class='ocrx_word' id='word_1_51' title='bbox 283 1521 330 1587; x_wconf 80' lang='lat' dir='ltr'>Ol.</span> <span class='ocrx_word' id='word_1_52' title='bbox 347 1520 474 1587; x_wconf 82' lang='lat' dir='ltr'>Erasm.</span> <span class='ocrx_word' id='word_1_53' title='bbox 486 1523 539 1606; x_wconf 90' lang='lat' dir='ltr'>III,</span> <span class='ocrx_word' id='word_1_54' title='bbox 553 1524 632 1608; x_wconf 65' lang='lat' dir='ltr'>ab:</span> <span class='ocrx_word' id='word_1_55' title='bbox 650 1523 746 1611; x_wconf 90' lang='lat' dir='ltr'>Opta,</span> <span class='ocrx_word' id='word_1_56' title='bbox 764 1529 803 1590; x_wconf 90' lang='lat' dir='ltr'>ut</span> <span class='ocrx_word' id='word_1_57' title='bbox 817 1526 987 1610; x_wconf 86' lang='lat' dir='ltr'>proximus</span> <span class='ocrx_word' id='word_1_58' title='bbox 1003 1524 1140 1610; x_wconf 86' lang='lat' dir='ltr'>habeat,</span> <span class='ocrx_word' id='word_1_59' title='bbox 1158 1528 1264 1610; x_wconf 85' lang='lat' dir='ltr'>magis</span> 
     </span>
     <span class='ocr_line' id='line_1_10' title="bbox 192 1629 1264 1718; baseline 0.004 -24"><span class='ocrx_word' id='word_1_60' title='bbox 192 1631 308 1695; x_wconf 88' lang='lat' dir='ltr'>autern</span> <span class='ocrx_word' id='word_1_61' title='bbox 339 1632 379 1694; x_wconf 91' lang='lat' dir='ltr'>ut</span> <span class='ocrx_word' id='word_1_62' title='bbox 409 1629 483 1695; x_wconf 88' lang='lat' dir='ltr'>olla.</span> <span class='ocrx_word' id='word_1_63' title='bbox 536 1629 753 1697; x_wconf 77' lang='lat' dir='ltr'>Potissimum</span> <span class='ocrx_word' id='word_1_64' title='bbox 783 1635 837 1698; x_wconf 85' lang='lat' dir='ltr'>est</span> <span class='ocrx_word' id='word_1_65' title='bbox 866 1632 990 1698; x_wconf 85' lang='lat' dir='ltr'>habere</span> <span class='ocrx_word' id='word_1_66' title='bbox 1022 1632 1111 1698; x_wconf 90' lang='lat' dir='ltr'>domi</span> <span class='ocrx_word' id='word_1_67' title='bbox 1142 1633 1264 1718; x_wconf 92' lang='lat' dir='ltr'>quibus</span> 
     </span>
     <span class='ocr_line' id='line_1_11' title="bbox 192 1736 1263 1826; baseline 0.004 -26"><span class='ocrx_word' id='word_1_68' title='bbox 192 1738 246 1801; x_wconf 91' lang='lat' dir='ltr'>est</span> <span class='ocrx_word' id='word_1_69' title='bbox 277 1756 369 1822; x_wconf 91' lang='lat' dir='ltr'>opus.</span> <span class='ocrx_word' id='word_1_70' title='bbox 415 1736 606 1803; x_wconf 89' lang='lat' dir='ltr'>Proximum</span> <span class='ocrx_word' id='word_1_71' title='bbox 636 1738 782 1804; x_wconf 91' lang='lat' dir='ltr'>vicinum</span> <span class='ocrx_word' id='word_1_72' title='bbox 813 1736 937 1805; x_wconf 90' lang='lat' dir='ltr'>habere</span> <span class='ocrx_word' id='word_1_73' title='bbox 965 1738 1113 1823; x_wconf 87' lang='lat' dir='ltr'>divitem,</span> <span class='ocrx_word' id='word_1_74' title='bbox 1146 1761 1166 1805; x_wconf 92' lang='lat' dir='ltr'>a</span> <span class='ocrx_word' id='word_1_75' title='bbox 1198 1761 1263 1826; x_wconf 92' lang='lat' dir='ltr'>quo</span> 
     </span>
     <span class='ocr_line' id='line_1_12' title="bbox 191 1843 1263 1931; baseline 0.006 -25"><span class='ocrx_word' id='word_1_76' title='bbox 191 1844 301 1927; x_wconf 90' lang='lat' dir='ltr'>possis</span> <span class='ocrx_word' id='word_1_77' title='bbox 324 1845 446 1926; x_wconf 90' lang='lat' dir='ltr'>petere.</span> <span class='ocrx_word' id='word_1_78' title='bbox 469 1882 512 1890; x_wconf 90' lang='lat'>--</span> <span class='ocrx_word' id='word_1_79' title='bbox 537 1843 626 1910; x_wconf 85' lang='lat' dir='ltr'>Sane</span> <span class='ocrx_word' id='word_1_80' title='bbox 641 1847 774 1929; x_wconf 80' lang='grc' dir='ltr'><strong><em>πλησίον</em></strong></span> <span class='ocrx_word' id='word_1_81' title='bbox 789 1845 990 1912; x_wconf 87' lang='lat' dir='ltr'>mutandum</span> <span class='ocrx_word' id='word_1_82' title='bbox 1005 1849 1057 1913; x_wconf 84' lang='lat' dir='ltr'>est</span> <span class='ocrx_word' id='word_1_83' title='bbox 1072 1847 1108 1912; x_wconf 93' lang='grc'>111</span> <span class='ocrx_word' id='word_1_84' title='bbox 1123 1850 1263 1931; x_wconf 82' lang='grc' dir='ltr'><strong><em>πλησίῳ;</em></strong></span> 
     </span>
     <span class='ocr_line' id='line_1_13' title="bbox 192 1951 1263 2037; baseline 0.006 -24"><span class='ocrx_word' id='word_1_85' title='bbox 192 1969 295 2035; x_wconf 88' lang='lat' dir='ltr'>quarn</span> <span class='ocrx_word' id='word_1_86' title='bbox 327 1952 443 2015; x_wconf 86' lang='lat' dir='ltr'>autern</span> <span class='ocrx_word' id='word_1_87' title='bbox 470 1951 574 2015; x_wconf 86' lang='lat' dir='ltr'>Kurtz</span> <span class='ocrx_word' id='word_1_88' title='bbox 604 1952 777 2037; x_wconf 78' lang='lat' dir='ltr'>proposuit</span> <span class='ocrx_word' id='word_1_89' title='bbox 808 1952 1075 2019; x_wconf 90' lang='lat' dir='ltr'>emendationem</span> <span class='ocrx_word' id='word_1_90' title='bbox 1105 1953 1219 2019; x_wconf 79' lang='lat' dir='ltr'>Jahrb.</span> <span class='ocrx_word' id='word_1_91' title='bbox 1242 1955 1263 2019; x_wconf 81' lang='lat' dir='ltr'>f.</span> 
     </span>
     <span class='ocr_line' id='line_1_14' title="bbox 192 2047 1262 2146; baseline 0.006 -26"><span class='ocrx_word' id='word_1_92' title='bbox 192 2054 310 2121; x_wconf 91' lang='lat' dir='ltr'>Philol.</span> <span class='ocrx_word' id='word_1_93' title='bbox 336 2055 418 2123; x_wconf 82' lang='grc'>1891</span> <span class='ocrx_word' id='word_1_94' title='bbox 444 2079 474 2142; x_wconf 89' lang='lat' dir='ltr'>p.</span> <span class='ocrx_word' id='word_1_95' title='bbox 498 2060 529 2140; x_wconf 86' lang='lat'>7,</span> <span class='ocrx_word' id='word_1_96' title='bbox 554 2060 594 2123; x_wconf 92' lang='lat' dir='ltr'>ut</span> <span class='ocrx_word' id='word_1_97' title='bbox 616 2079 674 2144; x_wconf 94' lang='lat' dir='ltr'>pro</span> <span class='ocrx_word' id='word_1_98' title='bbox 697 2068 735 2143; x_wconf 82' lang='grc' dir='ltr'>τῇ</span> <span class='ocrx_word' id='word_1_99' title='bbox 750 2063 850 2143; x_wconf 81' lang='grc' dir='ltr'><em>χύτρᾳ</em></span> <span class='ocrx_word' id='word_1_100' title='bbox 874 2060 1072 2126; x_wconf 78' lang='lat' dir='ltr'>scriberetur</span> <span class='ocrx_word' id='word_1_101' title='bbox 1094 2070 1134 2146; x_wconf 85' lang='grc' dir='ltr'>σῇ</span> <span class='ocrx_word' id='word_1_102' title='bbox 1150 2047 1179 2145; x_wconf 50' lang='grc' dir='ltr'>χ’.</span> <span class='ocrx_word' id='word_1_103' title='bbox 1203 2082 1262 2127; x_wconf 91' lang='lat' dir='ltr'>ne·</span> 
     </span>
     <span class='ocr_line' id='line_1_15' title="bbox 192 2163 1264 2254; baseline 0.005 -25"><span class='ocrx_word' id='word_1_104' title='bbox 192 2163 374 2229; x_wconf 90' lang='lat' dir='ltr'>cessariam</span> <span class='ocrx_word' id='word_1_105' title='bbox 405 2185 479 2229; x_wconf 92' lang='lat' dir='ltr'>esse</span> <span class='ocrx_word' id='word_1_106' title='bbox 511 2166 711 2248; x_wconf 85' lang='lat' dir='ltr'>negaverim.</span> <span class='ocrx_word' id='word_1_107' title='bbox 757 2165 856 2233; x_wconf 90' lang='lat' dir='ltr'>Hunc</span> <span class='ocrx_word' id='word_1_108' title='bbox 879 2187 1010 2254; x_wconf 89' lang='lat' dir='ltr'>quoque</span> <span class='ocrx_word' id='word_1_109' title='bbox 1033 2188 1177 2250; x_wconf 87' lang='lat' dir='ltr'>versum,</span> <span class='ocrx_word' id='word_1_110' title='bbox 1211 2172 1264 2234; x_wconf 90' lang='lat' dir='ltr'>est</span> 
     </span>
     <span class='ocr_line' id='line_1_16' title="bbox 193 2271 1263 2361; baseline 0.005 -26"><span class='ocrx_word' id='word_1_111' title='bbox 193 2271 283 2336; x_wconf 91' lang='lat' dir='ltr'>enim</span> <span class='ocrx_word' id='word_1_112' title='bbox 320 2273 518 2337; x_wconf 80' lang='lat' dir='ltr'>tetrameter</span> <span class='ocrx_word' id='word_1_113' title='bbox 555 2273 758 2356; x_wconf 78' lang='lat' dir='ltr'>trochaicus,</span> <span class='ocrx_word' id='word_1_114' title='bbox 798 2273 971 2340; x_wconf 86' lang='lat' dir='ltr'>Katziules</span> <span class='ocrx_word' id='word_1_115' title='bbox 1010 2295 1053 2339; x_wconf 88' lang='lat' dir='ltr'>ex</span> <span class='ocrx_word' id='word_1_116' title='bbox 1089 2275 1263 2361; x_wconf 86' lang='lat' dir='ltr'>Apostolio</span> 
     </span>
     <span class='ocr_line' id='line_1_17' title="bbox 197 2378 1262 2467; baseline 0.004 -25"><span class='ocrx_word' id='word_1_117' title='bbox 197 2378 350 2463; x_wconf 89' lang='lat' dir='ltr'>sumpsit,</span> <span class='ocrx_word' id='word_1_118' title='bbox 375 2378 432 2463; x_wconf 92' lang='lat' dir='ltr'>qui</span> <span class='ocrx_word' id='word_1_119' title='bbox 456 2378 712 2465; x_wconf 77' lang='lat' dir='ltr'>explicationem</span> <span class='ocrx_word' id='word_1_120' title='bbox 735 2380 789 2446; x_wconf 91' lang='lat' dir='ltr'>his</span> <span class='ocrx_word' id='word_1_121' title='bbox 811 2380 923 2447; x_wconf 91' lang='lat' dir='ltr'>verbis</span> <span class='ocrx_word' id='word_1_122' title='bbox 947 2381 1111 2467; x_wconf 86' lang='lat' dir='ltr'>expressit</span> <span class='ocrx_word' id='word_1_123' title='bbox 1133 2381 1262 2447; x_wconf 71' lang='grc'>119661</span> 
     </span>
     <span class='ocr_line' id='line_1_18' title="bbox 196 2485 1263 2572; baseline 0.004 -23"><span class='ocrx_word' id='word_1_124' title='bbox 196 2486 340 2550; x_wconf 83' lang='grc' dir='ltr'><strong><em>Τούτέοτι</em></strong></span> <span class='ocrx_word' id='word_1_125' title='bbox 369 2485 469 2551; x_wconf 84' lang='grc' dir='ltr'><strong><em>καλὸν</em></strong></span> <span class='ocrx_word' id='word_1_126' title='bbox 499 2488 559 2570; x_wconf 72' lang='grc' dir='ltr'><strong><em>μὲν</em></strong></span> <span class='ocrx_word' id='word_1_127' title='bbox 588 2488 624 2552; x_wconf 85' lang='grc' dir='ltr'>τὸ</span> <span class='ocrx_word' id='word_1_128' title='bbox 654 2489 805 2554; x_wconf 87' lang='grc' dir='ltr'><strong><em>πλούσιον</em></strong></span> <span class='ocrx_word' id='word_1_129' title='bbox 836 2491 916 2572; x_wconf 80' lang='grc' dir='ltr'><strong><em>ἔχειν</em></strong></span> <span class='ocrx_word' id='word_1_130' title='bbox 940 2492 1069 2570; x_wconf 78' lang='grc' dir='ltr'><strong><em>γείτονα,</em></strong></span> <span class='ocrx_word' id='word_1_131' title='bbox 1100 2489 1263 2554; x_wconf 75' lang='grc' dir='ltr'><strong><em>κάλλιπον</em></strong></span> 
     </span>
     <span class='ocr_line' id='line_1_19' title="bbox 194 2593 1262 2680; baseline 0.002 -23"><span class='ocrx_word' id='word_1_132' title='bbox 194 2594 229 2657; x_wconf 76' lang='grc' dir='ltr'>δὲ</span> <span class='ocrx_word' id='word_1_133' title='bbox 259 2597 344 2676; x_wconf 82' lang='grc' dir='ltr'><strong><em>ἡμᾶς</em></strong></span> <span class='ocrx_word' id='word_1_134' title='bbox 371 2595 489 2665; x_wconf 83' lang='grc' dir='ltr'><strong><em>αύτούς</em></strong></span> <span class='ocrx_word' id='word_1_135' title='bbox 518 2596 689 2666; x_wconf 77' lang='grc' dir='ltr'><strong><em>πλουσίους</em></strong></span> <span class='ocrx_word' id='word_1_136' title='bbox 719 2597 804 2660; x_wconf 84' lang='grc' dir='ltr'><strong><em>εἶναι.</em></strong></span> <span class='ocrx_word' id='word_1_137' title='bbox 851 2593 963 2659; x_wconf 84' lang='lat' dir='ltr'>Simile</span> <span class='ocrx_word' id='word_1_138' title='bbox 994 2595 1204 2680; x_wconf 88' lang='lat' dir='ltr'>proverbium</span> <span class='ocrx_word' id='word_1_139' title='bbox 1227 2595 1262 2659; x_wconf 91' lang='lat' dir='ltr'>in</span> 
     </span>
     <span class='ocr_line' id='line_1_20' title="bbox 195 2698 1262 2787; baseline 0 -22"><span class='ocrx_word' id='word_1_140' title='bbox 195 2698 266 2765; x_wconf 91' lang='lat' dir='ltr'>coll.</span> <span class='ocrx_word' id='word_1_141' title='bbox 297 2698 412 2765; x_wconf 91' lang='lat' dir='ltr'>Warn.</span> <span class='ocrx_word' id='word_1_142' title='bbox 439 2700 611 2766; x_wconf 88' lang='lat' dir='ltr'>invenitur</span> <span class='ocrx_word' id='word_1_143' title='bbox 640 2723 670 2787; x_wconf 89' lang='lat' dir='ltr'>p.</span> <span class='ocrx_word' id='word_1_144' title='bbox 694 2701 737 2767; x_wconf 84' lang='grc'>69</span> <span class='ocrx_word' id='word_1_145' title='bbox 761 2723 786 2768; x_wconf 94' lang='lat' dir='ltr'>s.</span> <span class='ocrx_word' id='word_1_146' title='bbox 810 2722 840 2766; x_wconf 80' lang='lat' dir='ltr'>v,</span> <span class='ocrx_word' id='word_1_147' title='bbox 871 2703 977 2766; x_wconf 81' lang='grc' dir='ltr'><strong><em>κέλλο;</em></strong></span> <span class='ocrx_word' id='word_1_148' title='bbox 1009 2702 1121 2785; x_wconf 81' lang='grc' dir='ltr'><strong><em>Εὔχου</em></strong></span> <span class='ocrx_word' id='word_1_149' title='bbox 1153 2704 1192 2766; x_wconf 78' lang='lat' dir='ltr'>vd</span> <span class='ocrx_word' id='word_1_150' title='bbox 1226 2704 1262 2765; x_wconf 86' lang='grc' dir='ltr'>τὸ</span> 
     </span>
     <span class='ocr_line' id='line_1_21' title="bbox 196 2809 941 2892; baseline 0.001 -21"><span class='ocrx_word' id='word_1_151' title='bbox 196 2810 253 2891; x_wconf 81' lang='grc' dir='ltr'>ἔχῃ</span> <span class='ocrx_word' id='word_1_152' title='bbox 277 2811 297 2891; x_wconf 80' lang='grc' dir='ltr'><em>ἡ</em></span> <span class='ocrx_word' id='word_1_153' title='bbox 320 2809 415 2872; x_wconf 88' lang='grc' dir='ltr'><strong><em>κέλλα</em></strong></span> <span class='ocrx_word' id='word_1_154' title='bbox 438 2833 497 2874; x_wconf 88' lang='grc' dir='ltr'>σου</span> <span class='ocrx_word' id='word_1_155' title='bbox 520 2810 574 2872; x_wconf 84' lang='grc' dir='ltr'>καὶ</span> <span class='ocrx_word' id='word_1_156' title='bbox 597 2811 648 2892; x_wconf 84' lang='grc' dir='ltr'>ὄχι</span> <span class='ocrx_word' id='word_1_157' title='bbox 671 2811 690 2873; x_wconf 88' lang='grc' dir='ltr'>ὁ</span> <span class='ocrx_word' id='word_1_158' title='bbox 712 2810 836 2892; x_wconf 84' lang='grc' dir='ltr'><strong><em>κόσμος</em></strong></span> <span class='ocrx_word' id='word_1_159' title='bbox 859 2810 941 2880; x_wconf 89' lang='grc' dir='ltr'><strong><em>ὅλος.</em></strong></span> 
     </span>
    </p>

    <p class='ocr_par' dir='ltr' id='par_1_5' title="bbox 193 2913 1263 3107">
     <span class='ocr_line' id='line_1_22' title="bbox 282 2913 1263 2999; baseline 0.001 -21"><span class='ocrx_word' id='word_1_160' title='bbox 282 2913 357 2979; x_wconf 86' lang='lat' dir='ltr'>VIII</span> <span class='ocrx_word' id='word_1_161' title='bbox 372 2913 417 2978; x_wconf 82' lang='grc'>24</span> <span class='ocrx_word' id='word_1_162' title='bbox 432 2916 570 2998; x_wconf 84' lang='grc' dir='ltr'><strong><em>Ἔχομεν</em></strong></span> <span class='ocrx_word' id='word_1_163' title='bbox 592 2918 674 2979; x_wconf 83' lang='grc' dir='ltr'><strong><em>κύνα</em></strong></span> <span class='ocrx_word' id='word_1_164' title='bbox 697 2923 743 2998; x_wconf 87' lang='grc' dir='ltr'>τῷ</span> <span class='ocrx_word' id='word_1_165' title='bbox 766 2923 887 2999; x_wconf 83' lang='grc' dir='ltr'><strong><em>πτωχῷ</em></strong></span> <span class='ocrx_word' id='word_1_166' title='bbox 909 2918 1110 2999; x_wconf 72' lang='grc' dir='ltr'><strong><em>βοηθοῦνταῑ</em></strong></span> <span class='ocrx_word' id='word_1_167' title='bbox 1134 2918 1184 2980; x_wconf 81' lang='grc' dir='ltr'>ἐπὶ</span> <span class='ocrx_word' id='word_1_168' title='bbox 1198 2923 1263 2980; x_wconf 84' lang='grc' dir='ltr'><strong><em>τῶν</em></strong></span> 
     </span>
     <span class='ocr_line' id='line_1_23' title="bbox 193 3024 1262 3107; baseline 0.005 -23"><span class='ocrx_word' id='word_1_169' title='bbox 193 3029 257 3092; x_wconf 87' lang='grc' dir='ltr'><strong><em>τοῖς</em></strong></span> <span class='ocrx_word' id='word_1_170' title='bbox 281 3024 406 3092; x_wconf 84' lang='grc' dir='ltr'><strong><em>οἰκείοις</em></strong></span> <span class='ocrx_word' id='word_1_171' title='bbox 428 3025 648 3105; x_wconf 71' lang='grc' dir='ltr'><strong><em>θαρρούντων,</em></strong></span> <span class='ocrx_word' id='word_1_172' title='bbox 672 3025 722 3086; x_wconf 82' lang='grc' dir='ltr'>ὑπ’</span> <span class='ocrx_word' id='word_1_173' title='bbox 748 3025 878 3087; x_wconf 79' lang='grc' dir='ltr'><strong><em>ἐκείνων</em></strong></span> <span class='ocrx_word' id='word_1_174' title='bbox 902 3024 937 3088; x_wconf 79' lang='grc' dir='ltr'>δὲ</span> <span class='ocrx_word' id='word_1_175' title='bbox 959 3024 1262 3107; x_wconf 77' lang='grc' dir='ltr'><strong><em>ἐπιβουλευομένων.</em></strong></span> 
     </span>
    </p>

    <p class='ocr_par' dir='ltr' id='par_1_6' title="bbox 193 3127 1265 4286">
     <span class='ocr_line' id='line_1_24' title="bbox 283 3127 1265 3215; baseline 0.001 -23"><span class='ocrx_word' id='word_1_176' title='bbox 283 3127 579 3193; x_wconf 79' lang='lat' dir='ltr'>Commemoranda</span> <span class='ocrx_word' id='word_1_177' title='bbox 603 3134 655 3194; x_wconf 86' lang='lat' dir='ltr'>est</span> <span class='ocrx_word' id='word_1_178' title='bbox 677 3127 807 3195; x_wconf 78' lang='lat' dir='ltr'>Erasini</span> <span class='ocrx_word' id='word_1_179' title='bbox 830 3127 1016 3213; x_wconf 80' lang='lat' dir='ltr'>explicatio,</span> <span class='ocrx_word' id='word_1_180' title='bbox 1041 3150 1127 3215; x_wconf 88' lang='lat' dir='ltr'>quae</span> <span class='ocrx_word' id='word_1_181' title='bbox 1142 3128 1265 3212; x_wconf 80' lang='lat' dir='ltr'>legitur</span> 
     </span>
     <span class='ocr_line' id='line_1_25' title="bbox 193 3234 1262 3322; baseline 0.001 -22"><span class='ocrx_word' id='word_1_182' title='bbox 193 3234 248 3317; x_wconf 89' lang='lat' dir='ltr'>IV,</span> <span class='ocrx_word' id='word_1_183' title='bbox 266 3235 297 3317; x_wconf 81' lang='lat'>2,</span> <span class='ocrx_word' id='word_1_184' title='bbox 310 3235 369 3300; x_wconf 87' lang='lat'>80:</span> <span class='ocrx_word' id='word_1_185' title='bbox 393 3234 493 3301; x_wconf 83' lang='lat' dir='ltr'>Oanis</span> <span class='ocrx_word' id='word_1_186' title='bbox 516 3234 666 3302; x_wconf 88' lang='lat' dir='ltr'>mendico</span> <span class='ocrx_word' id='word_1_187' title='bbox 691 3235 867 3301; x_wconf 83' lang='lat' dir='ltr'>auxilians.</span> <span class='ocrx_word' id='word_1_188' title='bbox 913 3235 977 3301; x_wconf 94' lang='lat' dir='ltr'>Ubi</span> <span class='ocrx_word' id='word_1_189' title='bbox 1000 3238 1074 3322; x_wconf 92' lang='lat' dir='ltr'>quis</span> <span class='ocrx_word' id='word_1_190' title='bbox 1089 3236 1187 3302; x_wconf 92' lang='lat' dir='ltr'>nobis</span> <span class='ocrx_word' id='word_1_191' title='bbox 1203 3236 1262 3301; x_wconf 84' lang='lat' dir='ltr'>ad-</span> 
     </span>
     <span class='ocr_line' id='line_1_26' title="bbox 193 3341 1261 3429; baseline -0.001 -21"><span class='ocrx_word' id='word_1_192' title='bbox 193 3344 349 3408; x_wconf 86' lang='lat' dir='ltr'>versatur</span> <span class='ocrx_word' id='word_1_193' title='bbox 381 3346 415 3408; x_wconf 90' lang='lat' dir='ltr'>et</span> <span class='ocrx_word' id='word_1_194' title='bbox 447 3341 587 3408; x_wconf 88' lang='lat' dir='ltr'>diversis</span> <span class='ocrx_word' id='word_1_195' title='bbox 618 3342 733 3409; x_wconf 89' lang='lat' dir='ltr'>studet</span> <span class='ocrx_word' id='word_1_196' title='bbox 762 3343 923 3429; x_wconf 69' lang='lat' dir='ltr'>partibus</span> <span class='ocrx_word' id='word_1_197' title='bbox 954 3344 983 3408; x_wconf 96' lang='lat' dir='ltr'>is</span> <span class='ocrx_word' id='word_1_198' title='bbox 1015 3344 1109 3409; x_wconf 91' lang='lat' dir='ltr'>cuius</span> <span class='ocrx_word' id='word_1_199' title='bbox 1137 3342 1261 3407; x_wconf 88' lang='lat' dir='ltr'>auxilio</span> 
     </span>
     <span class='ocr_line' id='line_1_27' title="bbox 193 3448 1262 3535; baseline -0.003 -20"><span class='ocrx_word' id='word_1_200' title='bbox 193 3449 392 3515; x_wconf 85' lang='lat' dir='ltr'>nitebamur.</span> <span class='ocrx_word' id='word_1_201' title='bbox 446 3448 533 3514; x_wconf 90' lang='lat' dir='ltr'>Nam</span> <span class='ocrx_word' id='word_1_202' title='bbox 561 3471 661 3516; x_wconf 85' lang='lat' dir='ltr'>caries</span> <span class='ocrx_word' id='word_1_203' title='bbox 693 3455 773 3515; x_wconf 89' lang='lat' dir='ltr'>sunt</span> <span class='ocrx_word' id='word_1_204' title='bbox 802 3450 920 3515; x_wconf 89' lang='lat' dir='ltr'>infesti</span> <span class='ocrx_word' id='word_1_205' title='bbox 950 3449 1110 3515; x_wconf 89' lang='lat' dir='ltr'>mendicis</span> <span class='ocrx_word' id='word_1_206' title='bbox 1133 3470 1160 3515; x_wconf 91' lang='lat' dir='ltr'>e.</span> <span class='ocrx_word' id='word_1_207' title='bbox 1184 3471 1213 3535; x_wconf 91' lang='lat' dir='ltr'>q.</span> <span class='ocrx_word' id='word_1_208' title='bbox 1237 3470 1262 3513; x_wconf 82' lang='lat' dir='ltr'>s,</span> 
     </span>
     <span class='ocr_line' id='line_1_28' title="bbox 193 3554 1262 3642; baseline -0.001 -21"><span class='ocrx_word' id='word_1_209' title='bbox 193 3554 345 3621; x_wconf 85' lang='lat' dir='ltr'>Eandem</span> <span class='ocrx_word' id='word_1_210' title='bbox 375 3557 579 3622; x_wconf 87' lang='lat' dir='ltr'>sententiam</span> <span class='ocrx_word' id='word_1_211' title='bbox 607 3556 734 3622; x_wconf 89' lang='lat' dir='ltr'>multae</span> <span class='ocrx_word' id='word_1_212' title='bbox 758 3555 844 3622; x_wconf 85' lang='lat' dir='ltr'>eliae</span> <span class='ocrx_word' id='word_1_213' title='bbox 869 3554 1079 3622; x_wconf 88' lang='lat' dir='ltr'>collectiones</span> <span class='ocrx_word' id='word_1_214' title='bbox 1103 3555 1262 3642; x_wconf 83' lang='lat' dir='ltr'>Byzanti-</span> 
     </span>
     <span class='ocr_line' id='line_1_29' title="bbox 193 3661 1262 3749; baseline 0 -21"><span class='ocrx_word' id='word_1_215' title='bbox 193 3684 314 3729; x_wconf 92' lang='lat' dir='ltr'>norum</span> <span class='ocrx_word' id='word_1_216' title='bbox 344 3664 593 3749; x_wconf 84' lang='lat' dir='ltr'>proverbiorum</span> <span class='ocrx_word' id='word_1_217' title='bbox 624 3664 791 3729; x_wconf 86' lang='lat' dir='ltr'>exhibent.</span> <span class='ocrx_word' id='word_1_218' title='bbox 837 3661 974 3745; x_wconf 85' lang='lat' dir='ltr'>Legitur</span> <span class='ocrx_word' id='word_1_219' title='bbox 1001 3664 1146 3728; x_wconf 90' lang='lat' dir='ltr'>enimin</span> <span class='ocrx_word' id='word_1_220' title='bbox 1171 3662 1262 3729; x_wconf 89' lang='lat' dir='ltr'>codd.</span> 
     </span>
     <span class='ocr_line' id='line_1_30' title="bbox 194 3770 1263 3857; baseline 0 -23"><span class='ocrx_word' id='word_1_221' title='bbox 194 3771 208 3834; x_wconf 94' lang='lat' dir='ltr'>I</span> <span class='ocrx_word' id='word_1_222' title='bbox 232 3773 267 3836; x_wconf 85' lang='lat' dir='ltr'>et</span> <span class='ocrx_word' id='word_1_223' title='bbox 289 3770 321 3835; x_wconf 90' lang='lat' dir='ltr'>K</span> <span class='ocrx_word' id='word_1_224' title='bbox 343 3770 492 3856; x_wconf 81' lang='lat' dir='ltr'>(Krumb.</span> <span class='ocrx_word' id='word_1_225' title='bbox 516 3770 588 3853; x_wconf 84' lang='lat' dir='ltr'>Mgs</span> <span class='ocrx_word' id='word_1_226' title='bbox 611 3793 641 3857; x_wconf 87' lang='lat' dir='ltr'>p.</span> <span class='ocrx_word' id='word_1_227' title='bbox 669 3770 730 3836; x_wconf 79' lang='lat'>125</span> <span class='ocrx_word' id='word_1_228' title='bbox 754 3792 784 3835; x_wconf 89' lang='lat' dir='ltr'>n.</span> <span class='ocrx_word' id='word_1_229' title='bbox 809 3771 878 3850; x_wconf 72' lang='lat' dir='ltr'>88t:</span> <span class='ocrx_word' id='word_1_230' title='bbox 908 3771 1055 3854; x_wconf 82' lang='grc' dir='ltr'><strong><em>Εἴχαμεν</em></strong></span> <span class='ocrx_word' id='word_1_231' title='bbox 1078 3773 1195 3836; x_wconf 88' lang='grc' dir='ltr'><strong><em>σκύλον</em></strong></span> <span class='ocrx_word' id='word_1_232' title='bbox 1210 3773 1263 3835; x_wconf 85' lang='grc' dir='ltr'>καὶ</span> 
     </span>
     <span class='ocr_line' id='line_1_31' title="bbox 195 3875 1262 3964; baseline 0.001 -23"><span class='ocrx_word' id='word_1_233' title='bbox 195 3879 338 3961; x_wconf 74' lang='grc' dir='ltr'><strong><em>ἕβαήύην</em></strong></span> <span class='ocrx_word' id='word_1_234' title='bbox 372 3879 427 3942; x_wconf 87' lang='grc' dir='ltr'><strong><em>τὸν</em></strong></span> <span class='ocrx_word' id='word_1_235' title='bbox 457 3880 554 3942; x_wconf 91' lang='grc' dir='ltr'><strong><em>λύκον</em></strong></span> <span class='ocrx_word' id='word_1_236' title='bbox 587 3882 621 3943; x_wconf 85' lang='lat' dir='ltr'>et</span> <span class='ocrx_word' id='word_1_237' title='bbox 651 3878 686 3943; x_wconf 87' lang='lat' dir='ltr'>in</span> <span class='ocrx_word' id='word_1_238' title='bbox 718 3878 787 3943; x_wconf 82' lang='lat' dir='ltr'>cod.</span> <span class='ocrx_word' id='word_1_239' title='bbox 819 3876 848 3941; x_wconf 92' lang='lat' dir='ltr'>N</span> <span class='ocrx_word' id='word_1_240' title='bbox 879 3898 910 3945; x_wconf 89' lang='lat' dir='ltr'>n.</span> <span class='ocrx_word' id='word_1_241' title='bbox 939 3878 978 3943; x_wconf 81' lang='lat'>17</span> <span class='ocrx_word' id='word_1_242' title='bbox 1010 3875 1122 3963; x_wconf 84' lang='lat' dir='ltr'>(Poll</span> <span class='ocrx_word' id='word_1_243' title='bbox 1145 3900 1174 3964; x_wconf 88' lang='lat' dir='ltr'>p.</span> <span class='ocrx_word' id='word_1_244' title='bbox 1191 3878 1262 3963; x_wconf 83' lang='grc'>38);</span> 
     </span>
     <span class='ocr_line' id='line_1_32' title="bbox 194 3983 1263 4069; baseline 0.002 -21"><span class='ocrx_word' id='word_1_245' title='bbox 194 3985 338 4067; x_wconf 73' lang='grc' dir='ltr'><strong><em>Εἴχαμεν</em></strong></span> <span class='ocrx_word' id='word_1_246' title='bbox 369 3986 487 4049; x_wconf 88' lang='grc' dir='ltr'><strong><em>σκύλαν</em></strong></span> <span class='ocrx_word' id='word_1_247' title='bbox 514 3987 567 4049; x_wconf 87' lang='grc' dir='ltr'>καὶ</span> <span class='ocrx_word' id='word_1_248' title='bbox 590 3987 720 4069; x_wconf 69' lang='grc' dir='ltr'><strong><em>ἐβοήθει</em></strong></span> <span class='ocrx_word' id='word_1_249' title='bbox 742 3992 797 4049; x_wconf 84' lang='grc' dir='ltr'>τοῦ</span> <span class='ocrx_word' id='word_1_250' title='bbox 821 3986 930 4049; x_wconf 87' lang='grc' dir='ltr'><strong><em>λύκου.</em></strong></span> <span class='ocrx_word' id='word_1_251' title='bbox 975 3983 1019 4049; x_wconf 86' lang='grc' dir='ltr'>Η1</span> <span class='ocrx_word' id='word_1_252' title='bbox 1043 3983 1172 4050; x_wconf 82' lang='lat' dir='ltr'>codices</span> <span class='ocrx_word' id='word_1_253' title='bbox 1195 4003 1263 4050; x_wconf 84' lang='lat' dir='ltr'>non</span> 
     </span>
     <span class='ocr_line' id='line_1_33' title="bbox 194 4089 1263 4177; baseline 0 -21"><span class='ocrx_word' id='word_1_254' title='bbox 194 4089 304 4156; x_wconf 91' lang='lat' dir='ltr'>solum</span> <span class='ocrx_word' id='word_1_255' title='bbox 346 4090 518 4174; x_wconf 86' lang='lat' dir='ltr'>vulgarem</span> <span class='ocrx_word' id='word_1_256' title='bbox 560 4091 702 4157; x_wconf 84' lang='lat' dir='ltr'>formam</span> <span class='ocrx_word' id='word_1_257' title='bbox 745 4091 864 4156; x_wconf 88' lang='lat' dir='ltr'>melius</span> <span class='ocrx_word' id='word_1_258' title='bbox 902 4095 1124 4158; x_wconf 83' lang='lat' dir='ltr'>servaverunt</span> <span class='ocrx_word' id='word_1_259' title='bbox 1162 4112 1263 4177; x_wconf 84' lang='lat' dir='ltr'>quem</span> 
     </span>
     <span class='ocr_line' id='line_1_34' title="bbox 194 4197 1262 4286; baseline 0.002 -25"><span class='ocrx_word' id='word_1_260' title='bbox 194 4197 389 4284; x_wconf 85' lang='lat' dir='ltr'>Apostolius</span> <span class='ocrx_word' id='word_1_261' title='bbox 429 4198 488 4264; x_wconf 90' lang='lat' dir='ltr'>sed</span> <span class='ocrx_word' id='word_1_262' title='bbox 522 4199 625 4265; x_wconf 88' lang='lat' dir='ltr'>etiarn</span> <span class='ocrx_word' id='word_1_263' title='bbox 658 4197 829 4265; x_wconf 89' lang='lat' dir='ltr'>meliorem</span> <span class='ocrx_word' id='word_1_264' title='bbox 860 4199 1058 4286; x_wconf 84' lang='lat' dir='ltr'>scripturam</span> <span class='ocrx_word' id='word_1_265' title='bbox 1091 4198 1262 4284; x_wconf 88' lang='lat' dir='ltr'>praebent.</span> 
     </span>
    </p>
   </div>
   <div class='ocr_carea' id='block_1_4' title="bbox 0 0 1617 5025">
    <p class='ocr_par' dir='ltr' id='par_1_7' title="bbox 0 0 1617 5025">
     <span class='ocr_line' id='line_1_35' title="bbox 0 0 1617 5025; baseline 0 0"><span class='ocrx_word' id='word_1_266' title='bbox 0 0 1617 5025; x_wconf 95' lang='lat' dir='ltr'> </span> 
     </span>
    </p>
   </div>
  </div>
 </body>
</html>
