3217 5025
785 588 1008 652 ..28-

363 765 468 832 habet
489 745 666 832 Plenudes¹
681 786 713 831 n.
740 767 818 832 178:
846 766 886 831 ‘O
909 767 1005 837 λύκος
1031 768 1088 849 τὴν
1110 769 1198 849 τρίχα
1221 768 1351 850 ἀμείβει,
1374 768 1430 849 τὴν

365 874 400 938 δὲ
423 876 555 956 γνώμην
577 876 637 937 οὐκ
661 875 789 957 ἀμείβει.
835 872 989 938 Pluribus
1012 871 1123 937 verbis
1154 871 1239 938 haee
1261 874 1430 938 sententia

365 999 523 1064 expresse
554 983 608 1044 est
637 979 672 1044 in
704 978 775 1045 coll.
798 978 913 1045 Wern.
936 999 966 1063 p.
990 978 1031 1042 81
1058 1000 1083 1043 ε.
1106 999 1137 1043 ν.
1161 980 1259 1051 λύκος
1280 999 1311 1043 n.
1336 978 1372 1045 6:
1392 980 1431 1044 Ὁ

364 1087 460 1156 ίύιιος
482 1111 513 1150 ιιι
537 1090 575 1150 ἂν
599 1088 727 1169 έγέρασε
748 1112 781 1150 ιιι
803 1087 916 1160 ellae
937 1086 972 1150 τὸ
994 1087 1090 1169 palli
1101 1110 1157 1150 του
1174 1087 1250 1150 οὐδὲ
1264 1087 1300 1169 τὴ
1318 1089 1429 1170 γνώμη

363 1218 419 1256 του
443 1194 555 1267 ἄλίαξε
578 1194 654 1257 οὐδὲ
676 1194 732 1275 τὴν
754 1192 879 1275 κεφαλή
902 1216 967 1256 του.
1014 1191 1066 1256 Ab
1083 1192 1134 1256 his
1151 1191 1305 1257 omnibus
1322 1191 1431 1258 differt
1516 1269 1519 1275 Ι
1596 1197 1597 1214 ’

365 1297 435 1365 eod.
459 1297 570 1382 Mosq.,
595 1298 652 1383 qui
675 1297 828 1364 exhibet:
853 1299 949 1381 Ὄφις
980 1300 1016 1362 τὸ
1040 1301 1142 1382 δέρμα
1165 1300 1345 1372 ἀποδύεται,
1376 1301 1431 1382 τὴν

366 1407 498 1488 γνώμην
510 1406 545 1469 δὲ
561 1406 714 1488 οὐδαμῶς
725 1402 925 1490 (δοταεΐεόίε
943 1402 1011 1469 Viz.
1024 1404 1132 1471 Vrem.
1147 1404 1168 1468 8
1183 1395 1213 1489 p
1229 1404 1310 1486 lle).
1335 1403 1433 1471 Nova

366 1510 519 1597 exempla
540 1510 641 1577 huius
665 1511 744 1577 dicti
767 1510 956 1577 allirlerunl
979 1511 1083 1576 Kurlz
1106 1510 1275 1577 Planudes
1291 1532 1321 1597 p.
1338 1510 1381 1577 3e
1397 1515 1433 1577 et

365 1616 478 1703 Meyer
500 1617 578 1703 Byr.
603 1617 839 1705 z.111p.405.
884 1617 1039 1683 Latinam
1072 1617 1260 1683 versionem
1288 1638 1431 1683 comme-

364 1725 509 1789 moravit
532 1723 612 1790 ouo
635 1725 780 1791 n.1940.

453 1830 514 1896 XII
529 1832 603 1897 75a
618 1831 716 1901 ’Όνος
738 1838 855 1895 πεινῶν
878 1834 917 1895 ού
940 1833 1097 1914 φροντίζει
1120 1833 1280 1913 ῥοπάλουτ
1304 1833 1354 1895 ἐπὶ
1368 1838 1432 1895 τῶν

366 1939 417 2003 διὰ
439 1939 496 2022 τὴν
520 1941 652 2020 γαστέρα
675 1939 729 2001 καὶ
750 1939 872 2022 πληγὰς
894 1940 948 2002 καὶ
969 1941 1076 2021 ὕβρεις
1099 1940 1333 2020 ὑπομενόντων.

455 2042 580 2109 Erasm.
596 2044 635 2127 II,
653 2044 683 2127 7,
701 2044 744 2109 48
767 2043 883 2110 habet:
909 2044 1007 2115 Ὄνος
1028 2050 1146 2109 πεινῶν
1166 2046 1309 2128 ῥοπάλου
1327 2046 1437 2127 ἀμελεῖ

366 2152 385 2215 i.
418 2173 444 2215 e.
476 2151 600 2216 Asinus
636 2150 785 2216 esuriens
816 2150 943 2215 fustem
973 2149 1118 2232 negligit.
1172 2149 1285 2216 Simile
1317 2153 1432 2216 exslat

366 2256 488 2323 Macer.
503 2256 549 2320 IV
565 2256 605 2321 14
621 2257 737 2340 Ἔργον
761 2260 836 2322 ὄνον
859 2260 1037 2341 ἀποτρέψαι
1051 2259 1227 2340 κνώμενον.
1267 2256 1314 2323 Of.
1330 2257 1433 2322 etiam

366 2364 466 2429 Arist.
491 2363 566 2429 Eth.
590 2362 633 2430 ad
657 2362 781 2428 Nieem.
804 2363 849 2428 III
867 2362 922 2429 ll:
954 2365 1021 2428 ἐπεὶ
1048 2366 1134 2429 οὕτω
1166 2389 1200 2445 γε
1229 2368 1291 2428 κᾶν
1314 2368 1345 2429 οἶ
1367 2367 1434 2428 ὄνοι

367 2473 504 2556 ἀνδρεῖοι
527 2471 588 2536 εἶεν
610 2478 799 2543 πεινῶντες·
815 2472 1002 2555 τυπτόμενοι
1025 2472 1085 2554 γὰρ
1109 2472 1168 2535 eim
1185 2472 1367 2554 ἀφίστανται
1380 2479 1435 2555 τῆς

366 2588 468 2663 νομῆς
491 2581 525 2643 et
548 2578 583 2643 Il.
598 2580 629 2642 A
646 2579 712 2644 558
724 2599 771 2663 sq.

456 2684 516 2749 XII
532 2684 575 2750 76
596 2686 658 2750 Ὃν
685 2688 705 2769 ἡ
736 2686 815 2769 τύχη
847 2686 967 2768 μέίανα
998 2686 1123 2768 γράφει,
1153 2692 1294 2749 τοιοῦτον
1325 2687 1343 2749 ὁ
1373 2678 1452 2756 πᾶς’

367 2795 483 2876 χρόνος
506 2794 545 2856 ού
570 2793 697 2855 δύναται
719 2794 883 2856 levemur:
907 2792 958 2855 ἐπὶ
980 2798 1044 2855 τῶν
1063 2787 1233 2874 νδυστυχῶν
1257 2794 1344 2874 ἄγαν.

456 2897 581 2963 Eresm.
598 2898 620 2980 l,
641 2897 672 2980 2,
691 2898 750 2962 92:
791 2898 896 2977 Quem
930 2896 1068 2984 sorlune
1098 2898 1228 2980 nigrum
1257 2898 1432 2984 scripserit,

367 3005 457 3071 hune
472 3025 541 3070 non
556 3004 750 3070 universum
766 3024 889 3069 aevum
906 3003 1084 3069 candidum
1099 3003 1235 3070 reddere
1251 3007 1365 3090 potest
1380 3054 1387 3069 .
1404 3054 1410 3069 .
1427 3055 1433 3069 .

369 3111 522 3176 Allusum
553 3113 606 3176 esl
636 3110 679 3176 ed
710 3111 822 3193 nigros
846 3113 881 3176 el
903 3110 998 3176 albos
1023 3109 1167 3176 calculos
1191 3110 1434 3194 suffragiorum.

456 3216 518 3280 XII
534 3218 576 3283 77
592 3218 654 3282 Ὃν
677 3220 715 3282 οὐ
738 3220 841 3283 τύπτει
863 3220 957 3302 λόγος
981 3219 1056 3283 οὐδὲ
1080 3219 1212 3303 ῥάβδοςε
1237 3220 1286 3282 ε’πὶ
1308 3228 1373 3282 τῶν
1388 3219 1432 3302 μὴ

368 3326 570 3408 πειθομένων
593 3332 658 3395 τοῖς
679 3327 913 3408 είσηγουμένοις
936 3326 973 3389 τὰ
996 3326 1145 3409 βέλτιστα.

457 3431 641 3517 Receptum
675 3436 727 3497 est
754 3451 776 3495 u
798 3429 952 3496 Ketziule
976 3452 1007 3496 n.
1034 3431 1127 3497 1752.
1174 3430 1287 3496 Simile
1311 3430 1435 3496 dietum

368 3538 403 3603 in
427 3537 497 3603 cell.
520 3537 635 3604 Wam.
659 3539 747 3603 inest
769 3558 799 3623 p.
817 3537 858 3602 91
884 3557 909 3602 s,
925 3558 956 3603 v.
979 3540 1096 3621 νόμος;
1114 3538 1249 3603 Ὅπσιον
1265 3539 1319 3602 δέν
1332 3540 1436 3602 τύπτει

369 3647 510 3728 όνόμος
531 3648 635 3710 τύπτει
657 3648 677 3729 ἡ
702 3646 831 3729 ῥάβδος.

457 3749 517 3814 XII
533 3753 605 3817 783
622 3752 722 3816 Ὄνου
745 3752 878 3835 πληγῶν
902 3753 996 3825 ἄξιος.

457 3855 518 3920 XII
534 3856 606 3923 781)
634 3858 797 3941 Ὀνείρατά
827 3883 884 3940 μοι
914 3860 1026 3940 λέγειςε
1065 3860 1114 3922 ἐπὶ
1146 3866 1210 3921 τῶν
1243 3860 1355 3922 ἄπιστα
1383 3860 1437 3922 καὶ

370 3965 507 4027 ἀδύνατα
546 3965 773 4047 διηγουμένων.
805 3966 884 4028 όδεν
918 3966 971 4029 καὶ
1004 3968 1024 4049 ἡ
1059 3966 1150 4048 κοινὴ
1188 3965 1242 4028 καί
1281 3966 1436 4048 δημώδης

369 4072 522 4152 παροιμία
539 4090 545 4103 ·
562 4077 653 4134 τοῦτο
676 4072 741 4134 κατ’
767 4072 846 4153 ὄναρ
869 4070 956 4141 εἶδες.

459 4174 615 4240 Similiter
637 4178 752 4263 Apost.
768 4174 829 4242 XII
845 4177 888 4242 88
905 4178 1006 4259 Ὄναρ
1029 4179 1126 4259 λέγεις
1149 4181 1168 4259 ἢ
1193 4179 1316 4260 γρίφον.
