3217 5025
631 574 855 640 „37-

208 771 241 815 n.
258 749 356 835 2294,
373 748 431 836 qui
447 750 607 837 explicat:
632 754 682 816 ἐπὶ
695 759 761 816 τῶν
776 754 813 816 τὰ
830 754 937 837 εὐτελῆ
954 757 1022 837 ὄψα
1038 757 1088 819 διὰ
1109 757 1281 838 φειθωλύαν
1311 794 1314 797 >

210 859 415 940 ὠνουμένων.
463 856 597 923 Grusius
621 857 640 922 l.
665 879 690 925 s.
720 880 751 945 p.
774 859 842 924 418
871 858 935 925 hoo
967 861 1175 946 comparavit
1206 882 1281 927 cum

208 962 369 1029 Planudis
392 984 425 1029 n.
440 963 507 1029 224
523 965 630 1050 (221);
658 966 701 1030 Τὰ
724 967 808 1031 πάνυ
831 967 948 1050 λιπαρὰ
973 969 1212 1051 δυσχεραίνουσι
1227 971 1281 1033 καὶ

210 1073 241 1135 oi
262 1073 365 1142 κύνες.

298 1176 376 1243 XVI
399 1177 443 1242 85
480 1179 523 1242 Τὸ
558 1180 705 1264 σκαμβόν
737 1181 833 1254 ξύλον
867 1182 1009 1245 οὐδέποτ’
1047 1182 1164 1265 ὀρθόνῐ
1200 1185 1277 1266 αὕτη

210 1286 367 1368 δημώδης
396 1286 458 1349 ἐστὶ
488 1287 542 1349 καὶ
565 1288 689 1370 φανερά
706 1308 711 1320 ·
727 1287 862 1351 τάττεται
886 1288 921 1351 δὲ
943 1289 1081 1352 ἐπὶτῶν
1105 1290 1280 1372 διάστροφα

209 1392 287 1465 ξύλα
330 1396 350 1474 ἢ
392 1394 562 1475 πράγματα
604 1397 815 1476 πειρωμένων
848 1396 1053 1459 κατευθύνειν
1091 1397 1145 1459 καὶ
1178 1397 1280 1479 μηδὲν

209 1499 430 1581 ὠφελούντων.

300 1605 372 1671 Hoc
394 1605 607 1691 proverbium
631 1607 734 1673 etiam
749 1607 784 1672 in
800 1606 1015 1692 antiquorum
1030 1607 1280 1693 proverbiorum

207 1710 459 1778 collectionibus
490 1712 662 1779 invenitur
693 1716 729 1780 et
759 1734 866 1799 usque
890 1714 934 1778 ad
957 1734 1048 1779 nova
1071 1717 1222 1800 tempora
1245 1715 1278 1779 in

208 1839 272 1884 usu
289 1820 350 1885 est.
388 1817 525 1902 Legitur
541 1820 631 1885 enim
646 1820 737 1906 apud
752 1819 1015 1902 Pseudodiogen.
1031 1819 1151 1886 V192:
1177 1822 1280 1886 Ξύλον

207 1927 347 2008 ἄγκαλον
371 1928 513 1991 οὐδέποτ’
539 1929 657 2010 ὀρθόν;
681 1929 728 1992 ὅτι.
752 1928 903 2011 δυσχερὲς
925 1930 960 1991 ἐκ
984 1929 1120 2011 φαύλων
1135 1929 1279 2010 ἀγαθοὺς

207 2034 456 2116 ἀπεργάσασθαι.
503 2033 682 2100 Praeterea
705 2034 748 2099 ab
766 2034 958 2099 auctoribus
974 2033 1171 2120 Byzantinis
1187 2055 1279 2100 com-

207 2142 412 2206 memoratur
434 2139 529 2206 velut
559 2141 594 2206 in
618 2140 764 2227 epistula
786 2139 958 2205 Michaelis
982 2139 1107 2227 Glycae
1131 2140 1279 2223 (Krumb.

207 2246 279 2329 Mgs
302 2267 333 2332 p.
357 2246 450 2329 235):
480 2248 526 2311 Εἰ
546 2250 599 2312 καὶ
623 2250 718 2323 ξύλον
741 2249 889 2332 σκαμβόν
913 2249 1064 2331 δυσχερὲς
1087 2249 1279 2332 ὀρθωθῆναι

206 2353 229 2437 ᾖ
251 2355 305 2418 καὶ
327 2354 427 2437 πάντῃ
453 2356 610 2420 ἀδύνατον
634 2357 669 2419 et
685 2353 775 2440 apud
791 2352 908 2436 Georg.
924 2352 1094 2440 Akropolt
1117 2356 1279 2438 Στρεβλὸν

208 2460 303 2535 ξύλον
327 2464 433 2527 οὔποτ’
460 2463 562 2546 ὀρθόν
586 2460 702 2543 (Kurtz
725 2460 843 2528 Philol.
866 2461 905 2527 N.
922 2462 956 2527 F.
968 2460 1012 2527 III
1034 2482 1065 2548 p.
1081 2461 1168 2550 463).
1207 2461 1279 2541 Quo

208 2565 248 2632 de
272 2568 446 2653 proverbio
470 2569 538 2652 egit
562 2568 665 2634 etiam
688 2569 793 2656 Lewy
815 2567 931 2634 Philol.
956 2568 999 2634 58
1022 2589 1052 2653 p.
1073 2568 1117 2633 82
1141 2571 1176 2634 et
1199 2566 1278 2634 Otto

207 2696 238 2739 n.
261 2673 337 2741 490.
384 2674 559 2741 Novicium
595 2674 785 2762 exemplum
816 2675 1046 2761 Papageorgiu
1077 2674 1155 2761 Byr.
1180 2675 1211 2742 Z.
1234 2675 1279 2740 ΙΙΙ

206 2801 237 2866 p.
253 2781 319 2848 579
343 2782 466 2849 attulit.

295 2889 373 2954 XVI
390 2889 430 2955 91
459 2891 521 2954 Τὸν
552 2892 682 2955 οἴκοθεν
705 2892 905 2974 βρεχόμενον
928 2891 1004 2954 οὐδὲ
1027 2889 1105 2961 θεὸς
1128 2891 1277 2973 ολκτείρει·

206 2996 260 3059 καὶ
283 2998 360 3080 αὕτη
386 2997 549 3080 θημώθης.

294 3101 421 3168 Ετεεω.
444 3102 499 3186 IV,
518 3103 548 3185 3,
566 3102 626 3168 38:
658 3102 721 3183 Qui
753 3101 842 3168 domi
865 3102 1073 3189 compluitur,
1103 3104 1204 3168 huius
1235 3122 1277 3167 ne

205 3208 313 3275 Deum
349 3209 480 3295 quidem
516 3210 661 3276 miseret.
694 3261 700 3275 .
730 3260 736 3275 .
765 3260 803 3274 ..
840 3208 996 3276 Eiusdem
1037 3209 1167 3276 farinae
1202 3230 1277 3274 cum

205 3315 373 3401 superiore
402 3316 627 3402 proverbium,
659 3316 801 3382 nisime
825 3337 960 3402 prorsus
983 3315 1070 3381 fallit
1093 3336 1206 3380 nasus.
1231 3352 1276 3362 —

204 3422 304 3488 Hunc
314 3444 449 3489 versum
460 3422 632 3509 politicum
645 3422 749 3489 habet
762 3424 865 3490 etiam
877 3422 1020 3488 Katziul.
1032 3442 1064 3486 n.
1077 3418 1141 3509 [70]
1154 3441 1184 3506 p.
1201 3421 1275 3503 125,

206 3531 263 3615 qui
279 3529 534 3616 explicationem
550 3529 671 3596 adiecit
686 3530 789 3596 hanc:
814 3532 864 3594 ἐπὶ
883 3536 948 3594 τῶν
963 3532 998 3604 ἐξ
1013 3530 1130 3600 οἰκείας
1146 3531 1278 3612 γνώμης

206 3644 328 3701 κακῶν.

294 3742 387 3808 XVII
402 3743 478 3809 20h
504 3746 565 3809 Τὸν
589 3747 729 3829 ἕβδομον
752 3748 833 3828 βοῦν
856 3747 875 3827 ἡ
901 3746 985 3827 σοφὴ
1009 3745 1171 3825 παροιμία.

293 3849 357 3916 Hic
387 3852 536 3916 trimeter
566 3850 729 3917 iambicus
762 3872 805 3917 ex
827 3848 1001 3936 proverbio
1024 3848 1189 3914 formatus
1213 3851 1275 3931 est,

206 3956 293 4042 quod
317 3956 458 4040 legimus
481 3957 597 4042 Apost.
621 3957 689 4022 VS
713 3962 748 4022 et
770 3956 891 4022 Macar.
915 3955 1004 4022 1189
1027 3957 1116 4027 Βοῦς
1128 3957 1275 4038 ἕβδομος.

204 4062 394 4147 Vestigium
425 4085 500 4130 esse
531 4063 664 4130 videtur
696 4063 869 4130 cuiusdam
903 4061 1108 4129 collectionis
1138 4080 1275 4146 prover-

204 4171 343 4255 biorum,
361 4172 396 4236 in
412 4193 479 4257 qna
494 4170 617 4254 adagia
632 4171 666 4236 in
681 4170 824 4236 trimetri
838 4170 972 4236 iambici
987 4170 1127 4235 loturam
1140 4165 1276 4233 redacta
