3217 5025
770 576 987 643 ..54-

346 753 487 839 videtur,
514 775 599 841 quae
623 755 799 841 proverbia
822 755 857 820 in
880 754 1021 820 trimetri
1043 752 1184 823 formam
1200 737 1337 820 redacta
1353 775 1413 856 0οᾗ

346 861 455 927 hibuit
477 860 529 947 (cl.
553 882 654 948 supra
677 883 707 948 p.
724 861 766 927 37
777 862 846 947 00).

435 1003 505 1070 lam
518 1006 620 1070 antea
628 1003 960 1070 commemoravimus
968 1002 1412 1090 paroemiographumillum,

346 1110 404 1196 qui
434 1109 522 1176 banc
539 1109 778 1177 collectionem
810 1110 1005 1196 composuit,
1039 1130 1172 1196 operam
1201 1108 1342 1195 dedisse,
1373 1112 1414 1176 ut

347 1237 532 1283 sermonem
548 1216 735 1301 vulgarium
750 1216 998 1303 proverbiorum
1014 1237 1116 1303 quam
1127 1217 1272 1282 maxime
1281 1224 1413 1283 accomss

346 1323 499 1389 mederet
526 1323 568 1389 ad
601 1343 794 1401 sermonem
820 1311 939 1390 doctae
961 1323 1147 1389 locutionis.
1176 1309 1413 1388 'Nihilominus

347 1432 461 1495 autern
500 1429 531 1495 ei
568 1450 636 1495 non
675 1429 814 1513 contigit
848 1451 947 1496 omne
981 1429 1160 1512 vestigium
1183 1427 1341 1513 vulgaris
1374 1434 1415 1495 ,et

347 1537 512 1620 genuinae
534 1536 660 1602 formae
684 1519 905 1620 exstinguere.
944 1536 1127 1602 Occurrunt
1143 1536 1229 1601 enim
1246 1535 1415 1602 interdum

347 1644 450 1710 verba
472 1644 659 1712 recentiora
682 1646 717 1709 et
740 1642 894 1727 vulgaria
918 1641 1012 1709 velut
1035 1643 1080 1708 Vl
1096 1642 1139 1709 54
1163 1644 1356 1726 ἀϊτανόφρυν
1372 1650 1415 1716 ‚et

347 1750 613 1816 constructiones
648 1773 670 1817 a
694 1739 836 1817 'vetusto
869 1748 1070 1816 Graecorum
1102 1770 1253 1816 sermone
1284 1735 1414 1817 alienae

347 1845 442 1924 velut
464 1857 595 1923 11112a
620 1856 785 1940 avrel,
810 1858 868 1922 ubi
891 1860 934 1929 εἰς
958 1879 983 1923 0.
1008 1878 1074 1923 000.
1098 1878 1156 1942 pro
1180 1859 1214 1922 ἓν
1238 1878 1262 1924 0.
1288 1842 1414 1947 dar-el

347 1963 392 2029 VI
408 1953 489 2038 39a,
524 1962 582 2029 ubi
617 1965 772 2035 δύσκολος
811 1984 869 2050 pro
896 1953 1037 2047 χαλεπός
1066 1964 1213 2049 positum
1244 1966 1297 2029 est
1324 1983 1415 2045 more

347 2061 543 2157 Byzantino.
567 2070 632 2136 Sed
648 2059 807 2157 quoniam
822 2070 907 2136 haec
922 2070 1047 2137 rariora
1062 2073 1152 2155 sunt,
1169 2071 1203 2135 in
1220 2070 1415 2135 universum

348 2174 524 2244 dicendum
548 2180 600 2243 est
624 2178 796 2244 exterma
820 2178 1038 2261 grammatica
1059 2176 1232 2261 vulgarem
1256 2161 1415 2268 originem

348 2284 466 2349 horum
500 2275 750 2370 proverbiorum
774 2285 927 2369 cognosci
958 2305 1026 2349 non
1054 2305 1161 2370 posse.
1206 2282 1295 2350 Idem
1321 2283 1414 2363 valet

348 2391 388 2457 de
411 2392 527 2473 metro,
552 2389 641 2476 quod
662 2390 726 2457 hac
742 2391 1026 2458 transmutatione
1041 2380 1132 2457 haud
1149 2411 1223 2456 raro
1240 2379 1413 2459 turbatum

347 2500 382 2566 et
405 2497 552 2565 dirutum
575 2501 636 2566 est.
674 2497 738 2565 Ubi
762 2501 877 2565 alitem
893 2503 1066 2565 servatum
1077 2486 1143 2584 cst,
1165 2497 1272 2581 magis
1287 2501 1413 2564 temere

347 2610 381 2672 et
414 2628 494 2674 casu
525 2606 651 2672 iactum
683 2594 757 2673 csse
784 2594 921 2672 videtur
951 2627 1052 2693 quam
1081 2606 1217 2672 consiho
1241 2606 1324 2687 οἰ00,
1356 2593 1414 2691 qui

347 2712 575 2781 collectionem
599 2712 793 2799 composuit.
873 2702 875 2705 ’

435 2856 607 2921 Postremo
624 2853 852 2940 quaerendum
868 2857 930 2940 est,
948 2857 1061 2921 utrum
1073 2853 1266 2941 Apostolius
1282 2854 1413 2940 copiose

348 2963 383 3026 et
406 2959 540 3026 abunde
562 2959 652 3026 hunc
673 2959 803 3026 fontem
827 2960 1020 3028 exhauserit
1042 2982 1088 3026 an
1102 2982 1211 3047 pauca
1227 2982 1266 3027 ac
1282 2959 1414 3044 singula

348 3087 391 3131 ex
414 3087 452 3132 00
477 3066 683 3152 excerpserit.
731 3068 804 3149 Qua
826 3067 868 3133 de
891 3089 926 3134 re
949 3067 1110 3154 suspicari
1132 3087 1311 3154 possumus
1326 3066 1414 3132 hanc

348 3172 578 3239 collectionem
601 3194 669 3239 non
692 3174 798 3240 multo
822 3174 919 3261 plura
935 3174 1222 3261 comprehendisse
1238 3173 1414 3260 proverbia

348 3300 449 3366 quam
472 3301 523 3359 ea,
557 3300 643 3366 quae
667 3280 861 3366 Apostolius
885 3282 1064 3347 memoriae
1087 3280 1232 3347 tradidit.
1273 3279 1413 3347 Studio-

347 3386 499 3453 sissimus
545 3387 632 3453 enim
675 3408 750 3453 cum
790 3390 882 3453 esset
919 3408 1021 3474 quam
1057 3388 1201 3474 plurima
1237 3386 1414 3475 proverbia

348 3491 521 3576 colligendi
551 3492 620 3558 lere
649 3493 762 3559 omnia
788 3492 949 3560 lemmata
971 3497 1007 3559 et
1030 3494 1269 3579 explicationes
1293 3493 1413 3560 codicis

347 3597 563 3682 Ps-Diogen,
595 3620 660 3686 quo
691 3621 756 3665 usu
769 3603 842 3684 est,
874 3600 909 3666 in
930 3599 1159 3667 collectionem
1182 3621 1279 3666 suam
1301 3602 1413 3683 trans·

346 3704 486 3790 scripsit.
524 3706 643 3791 ltaque
667 3707 843 3772 verisimile
861 3710 913 3772 est
928 3728 1005 3772 eum
1020 3707 1110 3773 hunc
1126 3728 1258 3794 quoque
1273 3707 1412 3791 fontem,

347 3808 458 3895 quoad
481 3811 553 3876 eius
575 3812 685 3878 facere
708 3813 829 3899 potuit,
854 3814 1066 3899 exscripsisse
1091 3818 1126 3880 et
1148 3814 1324 3901 expilasse.

436 3952 486 4016 De
517 3955 664 4038 tempore
696 3957 821 4037 autem,
851 3975 916 4041 quo
948 3955 1031 4022 haec
1054 3955 1204 4023 collectio
1228 3957 1413 4044 composita

347 4059 401 4137 sit,
427 4058 630 4123 scntcntiam
661 4061 852 4145 acceperim,
885 4082 1000 4147 quam
1016 4062 1247 4130 Krumbacher
1275 4062 1414 4149 protulit

216 4252 220 4259 .
348 4161 417 4229 cod.
434 4162 537 4249 Mosq.
556 4163 641 4230 1900
657 4185 686 4251 p.
703 4165 835 4251 38500,
861 4167 917 4252 qui
940 4170 1039 4254 putat
1063 4190 1179 4235 omnes
1203 4169 1413 4238 collectiones
