3217 5025
774 586 991 651 „50-

435 763 495 828 XII
511 762 585 829 65a
601 763 718 835 Ὅλους
734 764 844 835 Ἄθως
866 765 1081 838 κατατοξεύεις
1103 771 1158 847 τῆς
1176 773 1340 848 κοροφῆςῖ
1363 767 1415 829 ἐπὶ
1486 815 1489 820 ,

236 956 241 964 Ι
347 877 411 951 τῶν
433 871 622 954 πασχόντων
645 872 826 935 ἀνύποιστα.
964 889 968 893 ·

435 978 532 1044 Hanc
558 975 761 1042 locutionem
788 974 942 1042 adhibuit
968 975 1091 1042 Theod.
1114 974 1226 1050 Prodr.
1248 975 1413 1044 Manuscr.

348 1081 388 1164 de
412 1082 446 1158 la
468 1082 623 1149 Biblioth.
648 1081 693 1148 du
717 1082 779 1148 Iloi
801 1084 825 1148 t.
849 1081 933 1163 VIII,
950 1081 1028 1148 113:
1052 1084 1162 1148 αὐδᾶν
1185 1085 1279 1155 ὅλους
1295 1084 1413 1174 Ἄτλας,

348 1189 377 1255 ὦ
400 1193 585 1273 λῷστε,’τῆς
607 1197 755 1274 κορυφῆς
775 1215 833 1274 μοι
855 1192 1082 1264 κατατοξεύοις.
1245 1211 1248 1216 ·

435 1295 511 1362 XIII
529 1297 577 1362 la
596 1297 725 1380 ‘Opaorc
747 1298 807 1379 μὲν
829 1299 948 1379 ἔρωτος
971 1299 1068 1381 ἄρχει,
1092 1300 1179 1371 αὔξει
1203 1298 1237 1361 δὲ
1256 1298 1416 1368 τὸπάθος

348 1404 440 1478 ἐλπὶς,
464 1407 570 1487 τρέφει
594 1404 628 1467 δὲ
650 1405 771 1488 μνήμη,
794 1410 884 1486 τηρεῖ
904 1404 939 1467 δὲ
962 1405 1123 1487 συνήθεια.

436 1508 512 1575 XIII
530 1509 570 1576 17
592 1510 661 1575 Οὔκ
691 1511 831 1593 ἀσφαλὲς
861 1511 1036 1576 σπουδαῖον
1065 1513 1228 1594 χρονίζειν,
1259 1512 1337 1575 ἔνθα
1367 1512 1414 1594 μή

348 1620 424 1683 εἰσιν
447 1619 560 1700 ὅμοιοι.
970 1652 973 1658 -

436 1722 514 1789 XVI
537 1722 579 1789 56
606 1724 668 1807 Τῆς
689 1723 827 1807 Ορῳέως
858 1725 985 1798 ἀπόζεις
1015 1725 1165 1806 κιθάρας
1184 1725 1217 1787 ἐν
1239 1730 1286 1807 τῷ
1307 1725 1415 1806 λέγειν.

438 1827 514 1895 XVI
531 1830 573 1896 80
599 1830 642 1894 Τὸ
664 1830 779 1913 μέλλον
802 1831 907 1902 οὐδεὶς
930 1831 1072 1914 ἐκφύγοι.
1351 1859 1354 1866 ·

437 1935 530 2001 XVII
544 1934 598 2000 41'
614 1937 686 2001 Τῶν
709 1938 897 2019 ἀνεῳύκτων
918 1937 965 2020 μὴ
989 1938 1141 2020 ἐπιχείρει.

437 2042 479 2108 Μ.
494 2040 529 2108 Ρ.
545 2042 623 2108 118:
647 2043 762 2127 Μηδὲν
793 2044 917 2117 ἔξωθεν
946 2044 1236 2127 πολυπραγμονεῖν,
1266 2043 1350 2127 μηδὲ
1379 2044 1417 2107 τὸ

349 2152 520 2234 λεγόμενον
542 2152 801 2234 ἀντικατηγορεῖν.
1169 2236 1172 2239 ἢ
1195 2169 1197 2172 “
1320 2171 1323 2172 ’

438 2256 467 2321 ΙΙ
482 2256 526 2322 78
545 2256 728 2340 Ῥητορικὴν
748 2257 863 2320 δειλίαν
879 2257 1032 2340 δημόσιος
1047 2257 1158 2339 καιρὸς
1173 2258 1212 2321 οὗ
1227 2260 1416 2339 παραμένειτ

348 2365 489 2448 παρόσον
512 2365 544 2427 οἱ
566 2365 697 2447 ῥήτορες
719 2364 858 2445 ἀνδρεῖοι
880 2364 1027 2428 θέλουσιν
1050 2362 1135 2427 εἶναι.
1206 2380 1209 2438 j

440 2468 468 2536 II
483 2469 527 2537 95
554 2470 598 2535 Τὰ
621 2477 677 2536 τοῦ
700 2477 831 2554 carpeti:
854 2469 918 2554 πρὸ
941 2476 997 2534 τοῦ
1020 2476 1143 2553 καιροῦ.

439 2683 603 2763 Quoniam
625 2703 715 2749 nunc
731 2681 864 2766 singula
879 2682 969 2749 dicta
984 2683 1181 2770 Byzantina,
1207 2703 1293 2769 quae
1308 2685 1417 2768 Apos-

350 2789 451 2858 tolius
474 2789 657 2876 proverbiis
681 2789 829 2876 antiquis
851 2783 1040 2873 immiscuit,
1061 2791 1258 2856 enumerata
1273 2791 1417 2876 etspec-

350 2900 426 2962 tata
438 2898 528 2978 sunt,
545 2895 614 2960 iam
629 2897 665 2961 in
677 2895 872 2962 universum
884 2895 1124 2983 disputandum
1136 2896 1198 2962 erit
1210 2890 1250 2962 de
1266 2895 1417 2962 fontibus

350 3001 588 3069 recentioribus
618 3003 654 3067 in
683 3002 747 3069 hoc
778 3023 875 3089 opere
899 3002 1065 3069 adhibitis.
1112 3003 1259 3083 Quorum
1282 3004 1419 3070 maximi

351 3110 403 3175 est
433 3108 595 3174 momenti
623 3108 772 3175 collectio
803 3109 1054 3196 proverbiorum
1085 3108 1283 3192 vulgarium,
1317 3129 1418 3195 quam

351 3213 544 3301 Apostolius
568 3215 780 3302 exscripsisse
805 3213 945 3282 videtur.
991 3215 1108 3282 Putari
1131 3216 1219 3281 enim
1234 3237 1303 3282 non
1319 3236 1418 3303 posse

352 3343 430 3388 eum
452 3321 537 3389 haec
559 3322 736 3409 proverbia
759 3343 801 3388 ex
824 3322 917 3405 vulgi
940 3343 995 3388 ore
1011 3320 1184 3406 collegisse
1199 3324 1267 3389 iam
1283 3322 1418 3409 saepius

351 3431 554 3496 monuerunt
583 3429 647 3495 viri
677 3427 766 3505 docti
790 3428 884 3495 velut
908 3429 1043 3496 Orusius
1066 3428 1127 3495 Rh.
1150 3428 1192 3496 M.
1215 3430 1269 3509 42,
1294 3430 1359 3496 398
1383 3431 1418 3495 et

353 3535 489 3601 Krumb.
512 3535 594 3619 Mgs.
618 3558 648 3622 p.
664 3536 739 3602 260.

439 3641 566 3708 Notum
597 3644 650 3709 est
681 3663 797 3709 omnes
821 3642 1033 3709 collectiones
1056 3643 1318 3732 Byzantinorum
1340 3664 1418 3729 pro·

351 3748 541 3816 verbiorum
571 3747 606 3815 in
637 3748 721 3816 duas
752 3752 865 3835 partes
897 3748 1072 3834 discedere,
1105 3770 1247 3836 quarum
1274 3771 1343 3815 una
1366 3751 1419 3815 est

353 3853 549 3938 theologica,
575 3854 681 3921 altera
703 3854 846 3942 profana
870 3854 909 3921 ci.
933 3855 1069 3921 Krumb.
1094 3854 1162 3922 cod.
1178 3855 1281 3942 Mosq.
1297 3877 1327 3943 p.
1344 3855 1418 3922 3502

353 3960 517 4047 Apostolii
539 3965 655 4027 autern
676 3961 1003 4047 ionteposteriorem
1019 3961 1161 4028 classem
1176 3961 1420 4047 repraesentari

353 4056 629 4154 explicationibus
653 4067 791 4134 adiectis
814 4089 872 4154 per
895 4089 932 4134 se
952 4067 1162 4151 intellegitur.
1200 4067 1276 4133 Huc
1291 4067 1420 4135 accedit

353 4172 441 4260 quod
464 4174 637 4258 vulgarem
661 4173 806 4260 speciem
829 4177 864 4239 et
886 4175 1025 4240 formam
1049 4173 1308 4260 proverbiorum,
1333 4195 1419 4260 quae
