3217 5025
724 517 941 582 ..40-

370 719 371 723 ’
389 693 495 759 XVIII
510 694 553 759 52
575 695 716 765 Ψεκάόες
732 696 857 779 ὄμβρον
873 701 1026 777 γεννῶοαι
1036 697 1239 778 λιμνάζουοιν
1251 696 1367 760 vidoro:

298 802 435 865 ἐπὶτῶν
457 801 537 864 κατὰ
559 802 677 884 μικρὸν
700 803 750 866 ἐπὶ
772 801 809 865 τὰ
832 804 933 885 μείζω
956 803 1161 885 χωρούντων.

387 906 514 972 Erasm.
529 907 553 989 Ι,
571 907 601 989 3,
619 907 657 972 2:
688 907 839 973 Minutae
863 906 1016 989 guttulae
1038 907 1178 973 imbrem
1201 911 1367 993 parentem

299 1012 437 1093 Quoties
460 1034 514 1079 res
536 1012 632 1079 initio
655 1013 779 1101 pusilla
802 1014 921 1082 erescit
943 1014 979 1078 in
1001 1013 1119 1080 maius,

389 1260 560 1342 Quaedam
599 1261 776 1348 proverbia
810 1260 962 1345 vulgaria
997 1262 1110 1328 etiam·
1133 1261 1168 1326 in
1202 1260 1367 1327 Mantissa

299 1368 552 1434 Proverbiorum
576 1369 714 1434 exstant
737 1367 788 1455 (of.
806 1367 931 1455 Corpus
946 1389 1090 1455 paream.
1108 1367 1162 1434 Gr.
1178 1370 1201 1434 t.
1218 1368 1248 1433 ΙΙ
1262 1367 1365 1454 praef.

298 1497 328 1561 p.
344 1474 431 1561 XV).
477 1475 564 1541 Sunt
587 1480 702 1541 autem
724 1475 825 1542 haee:

387 1600 459 1666 126
477 1602 589 1685 Ἄρτον
613 1604 672 1665 οὐκ
696 1602 776 1685 εἶχεν
800 1603 818 1665 ὁ
841 1602 970 1685 πτωχὸς
991 1602 1045 1664 καὶ
1075 1601 1171 1684 τορὸν
1201 1602 1365 1684 ἠγόραζεν.

387 1706 498 1781 ΡοαΙοΔ
523 1707 619 1772 ali‘oer
650 1707 714 1773 hoe
742 1706 953 1793 proverbium
977 1710 1091 1772 exstat
1113 1707 1149 1771 in
1172 1705 1240 1773 eod.
1264 1706 1365 1792 Mosq.

298 1835 330 1879 n.
354 1814 397 1880 85
420 1835 450 1899 p.
473 1813 555 1879 41οτ
584 1816 696 1896 Ἄρτον
730 1841 774 1885 τις
806 1822 918 1898 φαγεῖν
952 1816 1013 1878 οὐκ
1048 1818 1133 1898 ἔχων
1166 1816 1366 1898 προσφάγιον

299 1923 397 2004 ἐζήτει
426 1924 460 1986 et
491 1920 580 2006 apud
607 1919 797 1986 Katziulem
824 1941 856 1986 n.
880 1919 961 1985 734:
993 1921 1039 1984 Εἰ
1065 1920 1160 2004 τυρὸν
1191 1921 1276 2004 εἶχον
1307 1923 1366 1984 οὐκ

299 2031 338 2091 ἂν
369 2028 505 2111 ἐδεόμην
532 2030 632 2110 duom:
666 2028 715 2092 ἐπὶ
744 2034 809 2092 τῶν
839 2035 903 2099 τοῖς
934 2029 1048 2111 ὀλίγοις
1077 2029 1132 2091 καί
1154 2029 1367 2111 αὐτοσχεδίοις

299 2136 507 2216 ἀγαπώντων.
553 2132 696 2199 Metrum
719 2134 754 2198 in
778 2155 819 2199 ea
841 2133 1005 2217 versione,
1030 2154 1132 2219 quam
1152 2132 1254 2199 Mant.
1271 2133 1366 2198 Pron.

299 2239 445 2323 exhibet,
469 2261 587 2305 versus
611 2240 766 2326 politicus
791 2242 851 2305 est.

387 2366 456 2431 187
479 2366 665 2437 Κάλλιππος
694 2369 810 2450 τρέχει;
842 2367 891 2430 ἐπὶ
920 2372 985 2430 τῶν
1015 2366 1115 2429 πολλὰ
1145 2367 1366 2448 μελλετώντων

298 2480 437 2557 ποιῆσαι,
461 2474 548 2557 ὀλίγα
573 2473 607 2538 δὲ
631 2474 792 2556 δρώντων.
817 2479 957 2545 τοιοῦτος
980 2473 1040 2556 γὰρ
1064 2474 1083 2537 ὁ
1106 2472 1299 2544 Κάλλιππος.

389 2580 490 2646 Cuius
514 2580 720 2645 mentionem
742 2578 874 2645 iaciunt
897 2579 1007 2645 Oieero
1032 2577 1076 2644 ad
1098 2579 1168 2643 Att.
1195 2578 1243 2660 13,
1263 2578 1313 2659 12,
1331 2578 1365 2643 3:

298 2686 476 2752 Biennium
499 2686 680 2772 praeteriit,
705 2706 780 2750 eum
804 2685 859 2750 ille
884 2684 1083 2772 Callippides
1107 2683 1242 2750 assiduo
1267 2705 1366 2749 eursu

299 2792 449 2859 cubitum
476 2790 604 2856 nullum
628 2791 825 2877 processerit
850 2793 884 2857 et
908 2790 998 2857 Suet.
1023 2791 1092 2857 Tib.
1114 2790 1173 2858 38:
1197 2790 1243 2856 Ut
1265 2790 1365 2871 vulgo

298 2900 366 2965 iam
389 2919 447 2985 per
466 2899 576 2963 iocum
594 2896 792 2983 Callippidas
804 2901 1001 2980 uocaretur,
1026 2919 1126 2983 quem
1149 2897 1309 2963 eursitare
1326 2918 1365 2962 ae

298 3027 342 3072 ne
366 3003 470 3070 cubiti
493 3002 626 3090 quidem
649 3025 842 3070 mensuram
865 3002 1017 3091 progredi
1039 3003 1214 3090 proverbio
1238 3001 1365 3070 Graeco

298 3114 455 3177 notatum
468 3114 528 3176 est.
567 3111 615 3175 De
631 3110 765 3177 nemine
781 3110 928 3197 Collippo
945 3112 1016 3176 sive
1030 3109 1209 3196 Callippide
1227 3111 1366 3192 egerunt

299 3218 378 3285 Otto
402 3240 433 3285 n.
450 3217 514 3284 305
539 3220 574 3283 et
590 3218 724 3283 drusius
736 3217 972 3284 Woehensehr.
988 3216 1010 3282 f.
1026 3216 1127 3282 klase
1144 3216 1260 3283 Philol.
1280 3216 1362 3282 1891

298 3326 427 3412 pree.

387 3450 464 3515 199
498 3451 612 3521 Addere
645 3450 700 3512 τὸν
734 3451 822 3533 ἥλιον
855 3450 977 3532 βάλλειε
1020 3449 1070 3513 ἐπὶ
1108 3454 1172 3513 τῶν
1211 3449 1366 3519 διακενῶς

298 3560 495 3622 κοπιώντων.

387 3662 478 3728 Idem
501 3665 733 3745 argumentum
757 3661 862 3727 habet
885 3662 1001 3747 Apost.
1016 3660 1062 3724 VI
1079 3662 1120 3727 57
1143 3662 1204 3733 Εἰς
1218 3661 1365 3744 οὐρανὸν

298 3771 402 3841 πτύεις
425 3772 460 3834 et
481 3768 574 3834 XVII
589 3769 663 3835 (issb
683 3769 780 3852 Ὑπὲρ
803 3772 888 3852 κάρα
911 3770 1007 3832 πτύει.

386 3893 602 3959 1158112000
633 3899 807 3976 ναοπιγγῶν
836 3895 907 3956 κωί
932 3895 1057 3975 ἐλέγχεα
1080 3894 1181 3956 πάντα
1203 3894 1364 3957 καλύπτειε

298 4002 434 4065 ἐπὶτῶν
457 4002 585 4083 πλαστῷ
607 4002 668 4083 βίῳ
691 4001 871 4083 χρωμένων
894 4001 947 4064 καὶ
969 3999 1015 4081 μὴ
1040 4000 1265 4082 ε’λεχχομένων.

387 4105 569 4192 Reeeptum
594 4108 646 4170 est
670 4125 691 4169 a
714 4104 867 4169 Katziule
892 4127 922 4170 n.
942 4104 1037 4171 1988.
