3217 5025
172 1555 176 1560 -
231 1465 232 1469 Ἰ
271 1460 425 1577 Nostra
435 1512 509 1596 ipsa
521 1513 635 1576 aetate
648 1509 761 1575 studia
773 1509 1101 1595 paroemiograpbica
1113 1507 1241 1575 Graeca

175 1638 375 1703 magnopere
406 1620 507 1683 aucta
538 1619 572 1683 et
603 1615 810 1701 amplificata
841 1633 924 1697 esse,
957 1636 1032 1681 cum
1062 1616 1124 1682 viri
1152 1616 1241 1680 docti
1378 1698 1382 1703 .

175 1745 309 1811 operam
332 1724 423 1790 haud
447 1723 604 1806 exiguam
627 1722 817 1789 conferrent
839 1722 875 1788 in
898 1722 1080 1808 proverbiis
1104 1720 1240 1788 Graecis

174 1852 243 1898 non
278 1830 386 1897 solum
420 1830 635 1916 antiquorum
665 1834 852 1914 temporum
884 1828 944 1895 sed
974 1830 1076 1896 etiam
1110 1827 1239 1895 mediae

174 1937 489 2022 recentissimaeque
506 1937 630 2003 aetatis
642 1937 777 2022 penitus
790 1937 1029 2019 cognoscendis
1042 1939 1077 2002 et
1088 1956 1238 2021 perscru—

173 2045 296 2126 tandis,
321 2045 395 2130 quis
420 2048 482 2127 est,
507 2044 564 2129 qui
587 2043 743 2109 nesciat?
781 2043 899 2129 Itaque
923 2043 1023 2108 liceat
1038 2043 1129 2125 mihi,
1153 2064 1239 2129 quae

174 2156 278 2218 antea
300 2151 335 2216 in
358 2151 420 2217 has
440 2150 572 2217 litteras
588 2150 712 2217 collata
728 2152 809 2215 sunt
824 2148 938 2215 studia
952 2150 1117 2215 industria
1132 2151 1240 2232 magis

173 2280 272 2345 quam
307 2257 407 2324 docta
438 2260 473 2323 et
505 2258 548 2325 ad
580 2257 737 2345 antiquos
768 2260 904 2323 tantum
926 2255 1239 2343 paroemiograpbos

172 2365 375 2452 pertinentia
398 2364 530 2431 silentio
554 2365 732 2449 praeterire
757 2368 791 2429 et
807 2365 991 2431 recentiora
1006 2362 1079 2429 sola
1095 2384 1237 2429 comme-

169 2493 311 2539 morare.
350 2471 388 2537 In
412 2471 533 2559 quibus
557 2471 677 2537 studiis
694 2470 841 2538 colendis
857 2471 1002 2537 maxime
1017 2470 1144 2536 versati
1160 2474 1240 2535 sunt

171 2580 234 2645 viri
267 2578 355 2645 docti
386 2577 464 2645 Otto
498 2579 646 2661 Orosius,
685 2577 821 2643 Carolus
851 2576 1093 2659 Krumbacher,
1130 2576 1168 2641 N.
1201 2577 1238 2642 G.

175 2685 309 2769 Pontes,
335 2706 473 2772 quorum
498 2684 624 2771 primus
647 2684 740 2767 libro,
765 2684 823 2771 qui
843 2682 1034 2749 inscribitur
1048 2682 1145 2748 Anal.
1169 2682 1238 2748 crit.

171 2794 215 2859 ad
251 2792 465 2878 paroemiogr.
500 2791 553 2859 Gr.
588 2791 761 2858 historiam
794 2790 943 2856 criticam
973 2791 1115 2876 corporis
1148 2791 1238 2856 anti-

174 2921 314 2986 quorum
336 2900 706 2986 paroemiographorum
721 2899 937 2965 adumbravit
952 2900 986 2965 et
1002 2898 1144 2984 corporis
1160 2919 1238 2985 par-

172 3007 312 3073 tioulum
334 3007 484 3073 restituit
505 3007 540 3071 in
563 3006 656 3090 libro,
681 3007 738 3092 qui
761 3005 952 3071 inscribitur
974 3005 1060 3071 Plut.
1085 3004 1125 3071 de
1147 3026 1238 3091 prov.

173 3113 276 3197 Alex,
309 3113 394 3180 alter
423 3113 685 3201 Byzantinorum
714 3112 966 3199 proverbiorum
994 3113 1080 3178 sicut
1103 3112 1237 3177 omnino

173 3221 272 3286 huius
304 3222 380 3286 aevi
411 3220 522 3286 studia
551 3222 724 3306 amplexus
749 3223 810 3304 est,
843 3220 962 3286 tertius
986 3222 1021 3285 et
1042 3212 1238 3306 Byzantinis

172 3329 207 3393 et
230 3328 369 3393 noviciis
387 3327 587 3395 Graecorum
611 3326 738 3409 adagiis
760 3326 971 3412 explorandis
989 3346 1123 3412 operam
1140 3324 1237 3391 dedit.

171 3434 219 3499 At
244 3434 504 3521 Byzantinorum
528 3455 659 3521 quoque
683 3434 931 3518 proverbiorum
955 3431 1067 3499 studia
1090 3436 1161 3498 tam
1184 3454 1245 3498 re·>

171 3541 282 3608 centia
305 3562 389 3624 esse,
413 3542 533 3606 mirum
556 3562 624 3607 non
649 3543 702 3607 est
723 3541 821 3606 nobis
838 3540 1064 3623 cogitantibus
1079 3540 1238 3626 proximis
1296 3567 1299 3575 ·

171 3646 304 3714 demum
349 3650 447 3714 annis
486 3647 670 3732 complures
706 3647 808 3713 libros
846 3667 949 3711 manu
988 3648 1141 3732 scriptos
1182 3648 1239 3732 qui

171 3754 361 3841 Byzantina
383 3755 559 3839 proverbia
581 3753 750 3836 exhibent,
773 3756 939 3836 inventos⁷
963 3775 1006 3819 ex
1029 3753 1238 3820 bibliothecis

170 3864 369 3947 protractos,
401 3884 423 3928 a
453 3862 532 3928 viris
565 3860 671 3927 doctis
702 3860 870 3927 adhibitos
902 3864 937 3926 et
965 3863 1130 3926 tractatos
1154 3882 1237 3927 esse.

170 3968 485 4035 Praestantissimas
493 3968 593 4033 huius
602 3967 691 4034 modi
703 3968 914 4034 collectiones
927 3966 1101 4034 ediderunt
1113 3967 1237 4035 Satbas

168 4076 251 4140 Μεσ.
278 4078 358 4159 βιβλ.
378 4073 447 4140 Va.
474 4075 572 4158 1876,
613 4074 826 4140 Piccolomini
856 4075 997 4141 Estratti
1032 4074 1148 4141 inediti
1183 4074 1236 4141 dai

170 4182 273 4248 codici
299 4180 396 4248 Greci
420 4183 517 4263 1879,
552 4181 797 4248 Krumbaoher:
829 4181 1052 4266 Sitzungsber.
1085 4182 1114 4247 d.
1145 4181 1236 4268 bayr.
