3217 5025
828 544 1029 609 ..2-

399 708 506 780 Akad.
523 714 609 781 1893
633 717 873 804 (Mittelgrieoh.
890 721 1130 807 Sprichwbrter
1145 752 1189 777 =
1204 721 1299 805 Mgs)‚
1324 723 1359 788 et
1377 722 1465 788 1900

399 815 454 898 (ι-
477 819 546 886 cod.
569 821 717 910 Mosqu.),
741 825 867 893 Polites
889 828 925 893 in
946 827 1029 894 Bibl
1053 827 1133 893 Mar.
1156 829 1234 894 11111.
1257 830 1308 903 A’,
1332 829 1385 903 B’,
1408 828 1464 893 Γ’.

490 927 652 1007 Quoniam
683 931 782 1016 igitur
805 933 919 1000 studia
940 933 1267 1021 paroemiograpbica
1288 937 1465 1020 tantopere

398 1029 513 1114 vigent
544 1034 731 1125 florentque
754 1040 879 1107 nostris
902 1040 1117 1127 temporibus,
1149 1040 1213 1115 hoc
1236 1061 1368 1127 quoque
1392 1039 1464 1106 loco

399 1135 548 1206 diversas
571 1144 735 1229 quasdam
758 1146 909 1214 adhaec
932 1146 1117 1213 attinentes
1133 1147 1348 1233 quaestiones
1364 1146 1464 1233 paulo

400 1249 587 1314 accuratius
618 1255 764 1319 tractare
796 1274 865 1320 non
896 1255 967 1319 sine
998 1253 1109 1320 fructu
1140 1252 1212 1320 iore
1242 1252 1370 1339 putavi.
1416 1253 1466 1317 Ac

400 1351 541 1433 primum
571 1356 704 1424 videtur
734 1359 815 1425 mihi
838 1359 1065 1447 quaerendum
1089 1380 1173 1443 csse,
1206 1357 1370 1445 quomodo
1394 1362 1464 1424 tres

399 1458 526 1542 primae
557 1463 719 1531 editiones
751 1466 886 1533 Zenobii
916 1465 1201 1553 paroemiographi
1232 1466 1319 1531 inter
1346 1486 1384 1530 se
1407 1485 1464 1530 11-
1596 1453 1597 1469 ’

399 1563 570 1635 haereant.
615 1571 743 1639 Deinde
768 1573 809 1639 de
832 1572 1014 1659 proverbiis
1038 1575 1073 1639 et
1089 1573 1252 1658 excerptis
1268 1570 1464 1657 Byzantinis

401 1674 489 1757 apud
512 1675 707 1745 Michaelem
729 1679 941 1767 Apostolium
964 1679 1295 1766 paroemiographum
1317 1677 1464 1744 inventis

401 1798 498 1860 agere
521 1784 602 1849 mibi
624 1787 790 1872 proposui,
815 1790 887 1852 tum
912 1786 952 1852 de
976 1788 1048 1852 cius
1071 1787 1111 1851 ut
1130 1786 1179 1851 ita
1195 1785 1303 1851 dicam
1317 1783 1464 1869 pseudo-

401 1888 592 1970 proverbiis
638 1890 707 1958 Sub
731 1892 835 1958 finem
859 1892 1074 1979 appendicem
1091 1891 1223 1974 addam,
1247 1891 1283 1956 in
1298 1911 1366 1976 qua
1381 1890 1464 1955 Her-

401 1993 528 2061 modori
549 1996 669 2082 Rhegii
697 2000 947 2085 proverbiorum
977 1998 1179 2065 collectionis
1202 1998 1464 2081 manuscriptum

402 2098 512 2167 adhuc
526 2103 699 2188 ineditum,
721 2106 810 2191 quod
826 2106 994 2171 Adrianus
1009 2104 1211 2172 Parvilerius
1227 2103 1270 2169 ad
1285 2102 1339 2168 Du
1354 2103 1464 2186 Gange

402 2208 493 2274 misit
515 2210 567 2292 (of.
582 2211 636 2276 Du
653 2213 778 2296 Gange:
801 2213 906 2279 Index
922 2214 1105 2277 Auctorum
1121 2233 1150 2297 p.
1166 2211 1231 2292 27),
1248 2208 1371 2295 publici
1385 2208 1464 2274 iuris

401 2312 532 2382 faciam.
577 2319 685 2385 Huius
716 2319 872 2386 anecdoti
903 2319 1085 2404 exemplar,
1125 2319 1182 2403 qui
1212 2317 1276 2382 luit
1307 2316 1466 2399 magister

401 2442 495 2489 meus
527 2424 605 2493 Otto
638 2425 787 2511 Orusius,
822 2427 873 2492 vir
904 2426 1116 2492 doctissimus
1147 2423 1463 2508 illustrissimusque,

405 2530 545 2615 benigne
575 2534 656 2600 mihi
687 2536 860 2601 concessit.
908 2534 1018 2619 Atque
1050 2534 1113 2598 hoo
1143 2552 1275 2621 quoque
1299 2529 1370 2595 loco
1395 2550 1464 2594 am-

401 2635 571 2723 plissimae
595 2642 626 2708 ei
649 2644 794 2725 agantur
817 2641 944 2724 gratiae
969 2660 1044 2704 cum
1066 2659 1125 2725 pro
1141 2638 1205 2703 hac
1221 2637 1378 2703 comitato
1394 2639 1465 2701 tum

403 2766 460 2829 pro
485 2746 720 2814 benevolentia
743 2767 875 2832 semper
897 2747 933 2812 in
957 2745 1070 2812 studia
1092 2765 1168 2811 mea
1191 2743 1322 2809 collata.
