3217 5025
781 593 1003 658 -24-

446 769 657 857 Explicatum
692 774 744 836 est
779 771 822 836 ab
857 771 995 837 Erasmo
1018 770 1071 853 HI,
1095 770 1127 853 4,
1156 771 1211 835 14;
1248 772 1329 837 Cani
1363 770 1422 839 des

356 878 482 963 paleas,
507 878 602 943 asino
626 898 705 943 vero
729 898 818 943 ossa.
864 877 946 943 Cum
969 898 1022 943 res
1037 881 1249 964 praepostere
1265 877 1422 944 distribu-

357 990 460 1050 untur
482 1006 509 1050 e.
533 1006 562 1070 q.
586 1006 611 1049 s.

446 1090 477 1154 X
498 1090 542 1156 54
576 1091 733 1156 Κολωνδν
767 1094 933 1174 κυρίττειν;
969 1093 1019 1155 ἐπὶ
1050 1098 1114 1155 τῶν
1148 1093 1192 1175 μὴ
1221 1093 1423 1175 πειθομένων

356 1223 428 1280 περι
450 1223 485 1262 τι.

446 1301 558 1369 Simile
575 1304 700 1369 dictum
713 1301 809 1386 Greg.
822 1304 900 1368 Naz.
915 1307 1069 1387 παροιμία
1085 1306 1225 1388 ίδιωτική
1242 1303 1423 1390 appellavit

225 1423 227 1428 '
343 1408 414 1494 Ep.
438 1409 499 1475 62:
524 1411 599 1475 οῦδὲ
621 1411 685 1474 ῦπδ
708 1419 763 1493 τῆς
785 1414 958 1493 παροιμίας
980 1419 1035 1495 τῆς
1058 1413 1216 1495 ἰδιωτικῆς
1232 1413 1422 1495 ἐπαιδεύθην

355 1517 522 1599 φαλακρὸς
545 1520 593 1581 ὢν
616 1519 696 1581 κατὰ
719 1525 813 1601 κριοῦ
835 1519 881 1601 μὴ
905 1520 1065 1592 νυστάζειν
1089 1520 1155 1582 ἀντὶ
1176 1520 1362 1601 προσώπου.

445 1621 476 1685 X
491 1623 535 1689 72
558 1624 661 1695 Λίδος
684 1626 871 1706 κυλιόμενσς
894 1632 999 1707 φῦκος
1022 1626 1061 1688 οὐ
1084 1632 1181 1688 ποιεῖ;
1212 1627 1347 1688 ἐπὶτῶν
1371 1626 1421 1688 διὰ

354 1730 409 1800 τὰς
432 1737 570 1813 συνεχεῖς
594 1732 765 1801 διαστάσεις
787 1732 923 1794 πλοῦτον
945 1732 991 1814 μὴ
1015 1734 1227 1814 κεκτημένων.

444 1834 549 1900 Paulo
581 1836 769 1901 accuratius
799 1856 869 1900 rem
898 1837 1053 1923 exposuit
1076 1837 1247 1902 Katziules
1270 1857 1301 1902 n.
1321 1837 1421 1902 1408:

354 1943 458 2013 Λίδος
473 1944 719 2025 κυλινδούμενος
734 1943 769 2007 τδ
786 1951 891 2027 φῦκος
903 1946 941 2009 οῦ
953 1952 1046 2009 ποιεῖτ
1063 1946 1188 2008 ἐπὶτῶν
1200 1947 1421 2009 ἀκαταστάτων

354 2049 408 2111 καὶ
431 2050 544 2131 ἀρετὴν
566 2053 586 2132 ἢ
609 2051 745 2114 πλοῦτον
759 2051 805 2133 μὴ
823 2052 1077 2132 κατορδοῦντων.
1098 2050 1139 2114 Ὁ
1153 2052 1214 2134 γὰρ
1230 2054 1263 2115 ἐν
1277 2053 1420 2134 δαλάσσῃ

354 2156 453 2229 λίβος,
486 2156 540 2219 ἐὰν
570 2156 616 2238 μὴ
648 2158 794 2240 ἀκίνητος
825 2160 925 2240 μείνῃ,
958 2158 1114 2222 ἀδύνατον
1136 2165 1241 2240 φῦκος
1264 2160 1309 2222 ἐπ’
1335 2160 1422 2240 αὐτῷ

355 2263 507 2343 γενέσθαι.
538 2269 643 2345 φῦκος
674 2264 708 2326 δὲ
738 2264 852 2347 χόρτος
881 2264 1052 2347 θαλάσσης.
1099 2263 1146 2327 Cf.
1170 2262 1249 2330 Otto
1280 2284 1311 2329 n.
1338 2263 1420 2328 1435

355 2369 390 2431 et
405 2365 531 2432 Erasm.
549 2367 601 2452 III,
617 2367 648 2451 4,
663 2368 722 2434 74:
746 2367 860 2434 Museo
876 2368 961 2455 lapis
978 2368 1115 2435 volutus
1130 2369 1221 2435 haud
1239 2368 1420 2435 obducitur.

356 2472 419 2554 Qui
449 2494 516 2540 non
547 2477 660 2561 potest
688 2474 805 2542 eodem
835 2475 870 2542 in
894 2476 965 2542 loco
990 2478 1180 2560 consistere,
1204 2498 1279 2544 raro
1301 2476 1352 2561 iit,
1383 2479 1422 2543 ut

355 2580 497 2648 ditescat
520 2583 539 2648 l.
564 2606 593 2670 q.
618 2604 642 2648 s.

443 2689 475 2753 X
491 2690 535 2754 88
557 2691 654 2754 sideru
679 2693 772 2756 δὀῦκ
789 2694 869 2755 ἔστιν
889 2694 1064 2773 ἀγνοοῦντα
1078 2692 1132 2755 τὸν
1149 2693 1281 2775 δεσμόν;
1306 2694 1419 2775 σαφής.

443 2795 656 2862 Choliambus
680 2799 733 2862 est
755 2796 889 2862 novicia
912 2801 984 2862 arte
1007 2798 1125 2864 iactus.

441 2901 486 2965 XI
507 2901 544 2967 11
569 2904 659 2968 Μένε
681 2906 760 2986 βοῦς
782 2929 858 2968 ποτε
881 2906 1034 2988 βοτάνην;
1059 2907 1196 2969 ἐπὶτῶν
1218 2908 1374 2989 βραδέων.

442 3006 526 3073 Vide
549 3009 681 3077 Erasmi
705 3010 961 3095 explicationem
975 3010 1028 3094 Ill,
1045 3011 1075 3094 4,
1092 3012 1151 3077 80:
1175 3013 1342 3096 Exspecta
1357 3012 1419 3077 bos

354 3113 430 3180 olim
447 3115 593 3181 herbam.
625 3115 820 3199 Dicendum,
837 3117 895 3181 ubi
911 3117 990 3203 quid
1006 3139 1079 3183 sero
1097 3119 1243 3201 contigit.
1275 3118 1420 3184 Laborat

354 3222 442 3286 enirn
458 3221 519 3286 bos
535 3222 571 3286 in
587 3221 798 3305 agricolando
816 3224 874 3289 sed
890 3222 1070 3309 aliquando
1087 3228 1266 3307 gustatura
1280 3225 1418 3291 herbam

352 3332 497 3394 enatam.
543 3328 737 3395 Finitimum
759 3329 823 3395 illi:
848 3333 882 3396 et
906 3330 1014 3396 adhuc
1037 3335 1099 3396 tua
1121 3333 1240 3397 messis
1263 3332 1299 3397 in
1314 3331 1419 3397 herba

352 3437 411 3503 est.
435 3473 479 3483 -—
502 3436 709 3522 Antiquioris
734 3436 869 3519 originis
894 3442 954 3522 est,
979 3458 1059 3503 nam
1083 3438 1151 3503 iam
1168 3438 1211 3503 ab
1227 3438 1417 3503 Ammonio:

352 3541 402 3607 De
434 3542 503 3608 diff.
535 3543 625 3608 verb.
654 3548 939 3611 commemoratur.
986 3544 1033 3611 ef.
1057 3544 1134 3611 edit
1157 3543 1316 3611 Valcken.
1340 3566 1368 3630 p.
1386 3544 1417 3624 8,

351 3648 409 3713 nbi
433 3650 590 3736 scriptum
615 3652 679 3715 est:
702 3651 792 3715 Μένε
814 3654 894 3734 βοῦς
916 3654 982 3715 ποτ’
1008 3654 1042 3716 ἐν
1063 3653 1191 3736 βοτάνῃ.

439 3754 485 3820 ΧΙ
503 3756 543 3821 12
567 3755 656 3822 Μένε
679 3765 759 3840 γραῦ
783 3759 862 3841 ἐμάν
885 3781 919 3822 σε
941 3760 1039 3823 παῖδα
1063 3759 1249 3843 φιλήσοντατ
1282 3760 1417 3823 ἐπὶτῶν

349 3864 506 3946 βραδέων.

439 3968 511 4034 Hoc
534 3972 569 4034 et
591 3970 682 4055 prius
704 3968 849 4035 Katziul.
865 3992 896 4035 n.
916 3970 1000 4035 1493
1025 3972 1077 4036 his
1092 3970 1203 4036 verbis
1221 3970 1415 4057 explicavit:

350 4077 399 4139 ἐπὶ
429 4081 493 4139 τῶν
516 4078 778 4159 ὑπισχνουμένων
801 4081 821 4159 ἢ
846 4078 1034 4151 ἐλπιζόντων
1055 4104 1083 4141 τι
1106 4079 1239 4159 ἀγαθάν.
1264 4082 1283 4161 ἢ
1308 4079 1417 4149 ἁπλῶς

349 4182 399 4246 ἐπὶ
421 4187 485 4244 τῶν
507 4183 655 4266 βραδέως
678 4185 926 4265 συμβαινόντων.
951 4187 997 4256 ὡς
1019 4187 1073 4249 καί
1089 4187 1120 4248 οῖ
1134 4185 1209 4267 βάες
1225 4187 1416 4267 ἀναμένουσι
