3217 5025
775 550 997 616 ..4ss-

351 726 470 818 tabula
499 726 621 811 legitur
642 729 763 815 Aesop.
785 749 818 793 n.
842 728 907 794 233
919 727 960 795 a
1005 727 1219 793 Proverbium
1242 726 1420 811 usurpavit

352 832 448 917 Greg.
471 833 550 901 Ναί.
574 834 678 922 Epist„
698 835 760 900 185
776 856 807 922 p.
823 835 930 901 8861)
953 837 1008 900 καὶ
1030 842 1123 900 τοῦτο
1146 837 1259 917 ἕξομεν
1282 835 1348 898 ἀντὶ
1362 841 1419 897 τοῦ

352 943 452 1018 σκιὰν,
477 946 496 1007 ὃ
520 944 559 1026 δὴ
583 944 710 1026 λέγεται,
735 945 801 1007 ἀντὶ
824 946 981 1026 σώματος.
1054 1027 1057 1032 ,

441 1066 520 1133 XVI
535 1067 556 1133 6
582 1069 627 1131 Τὰ
650 1069 684 1132 έν
698 1069 787 1152 χερσὶ
801 1070 1003 1150 κρατούμενα
1017 1070 1148 1151 μείζονά
1163 1069 1225 1132 ἐστι
1240 1072 1304 1130 τῶν
1318 1091 1418 1150 προσ-

353 1176 560 1259 δσκωμένων.

443 1296 490 1364 Of.
513 1300 633 1384 Aesep.
656 1319 688 1363 n.
711 1298 808 1365 aaa
835 1298 876 1363 Ὁ
904 1301 999 1382 λόγος
1021 1301 1120 1382 δηλοῖ,
1147 1300 1194 1363 ὅτι
1216 1298 1420 1380 αἱρετώτερόν

352 1408 415 1470 ἐστι
445 1407 561 1488 κέρδος
590 1406 627 1469 τὸ
656 1405 762 1488 παρδν
792 1409 854 1470 κᾶν
882 1406 1000 1489 μικρὸν
1021 1406 1044 1490 ᾗ
1065 1413 1122 1471 τοῦ
1144 1406 1419 1488 προσδοκωμένου

352 1516 415 1576 κᾶν
436 1515 519 1596 μέγα
542 1514 670 1597 ὑπάρχῃ
695 1515 731 1578 et
754 1512 851 1578 Babr.
874 1533 906 1578 n
931 1512 961 1577 6.
1007 1512 1058 1577 Ex
1080 1512 1254 1599 Apostolio
1278 1510 1421 1597 sumpsit

352 1617 387 1683 id
409 1618 581 1685 Katziules
604 1640 636 1686 n.
653 1619 704 1684 28.

442 1743 521 1808 XVI
538 1742 610 1809 l9a
634 1745 737 1808 Ταῦτα
757 1745 924 1827 Κυμαίοις,
948 1746 1019 1827 ἐμοὶ
1042 1745 1077 1808 δὲ
1100 1747 1175 1816 ὄνος
1197 1746 1261 1827 riq:
1285 1744 1421 1808 ἐπὶτῶν

352 1852 431 1934 μετὰ
460 1852 554 1922 δέους
578 1853 692 1925 ἀνάξια
715 1852 890 1916 δεδιότων·
906 1853 984 1934 φασὶ
1007 1852 1068 1933 γὰρ
1090 1851 1163 1922 τοὺς
1185 1851 1352 1933 Κυμαίους
1374 1851 1421 1920 ῶς

354 1960 470 2040 θηρίον
501 1959 634 2022 δεδιέναι
660 1958 716 2022 τὸν
738 1960 822 2022 ὄνον·
847 1959 1002 2042 ὀνηλάτην
1025 1958 1083 2022 οὗν
1105 1958 1247 2041 φυγόντα
1270 1960 1346 2021 ὄνον
1367 1958 1422 2020 καί

355 2070 528 2148 σκιρτῶντα
550 2067 653 2129 παίειν
674 2066 729 2129 καὶ
751 2067 850 2147 λέγειν
872 2065 908 2128 τὸ
930 2055 1148 2148 προκείμενον.

444 2190 559 2275 Apest
575 2188 636 2254 XII
651 2189 696 2255 84
718 2188 870 2254 similiter
891 2189 997 2255 habet
1011 2190 1110 2262 Ὀνος
1124 2193 1168 2261 είς
1182 2190 1340 2272 Κυμαίαν,
1364 2186 1423 2252 ubi

353 2299 471 2361 tamen
494 2295 654 2382 explicat:
681 2298 819 2384 ἐπὶτῶν
840 2298 1037 2380 παραδόξων
1059 2298 1113 2361 καὶ
1136 2298 1286 2361 σπανίων.
1330 2294 1423 2360 Haec

355 2401 429 2488 ipsa
445 2400 566 2468 Suidas
589 2403 730 2488 praebet
751 2424 777 2469 s.
793 2403 891 2476 Ὀνος
910 2406 954 2475 είς
968 2404 1152 2487 Κυμαίουςε
1175 2404 1304 2467 ἐπὶτῶν
1318 2425 1421 2484 παρα·

356 2510 463 2586 δόξων
492 2513 547 2576 καλ
577 2515 727 2577 σπανίων.
759 2513 835 2576 διότι
865 2513 952 2595 παρὰ
975 2511 1134 2594 Κυμαίοις
1156 2511 1259 2576 ἐδόκει
1281 2509 1423 2594 φοβερὸς

354 2618 432 2682 εἶναι
454 2620 473 2682 ὁ
497 2621 572 2691 ὄνος
593 2621 656 2684 κτλ
703 2618 828 2705 Aesopi
850 2617 1010 2702 fabulam,
1042 2617 1132 2683 unde
1164 2620 1336 2703 sumptum
1358 2619 1421 2698 est,

354 2723 432 2790 Luc.
456 2724 578 2791 Piscat.
603 2747 628 2791 ο.
652 2726 696 2791 32
720 2728 857 2790 enarrat
880 2723 919 2790 cf.
943 2723 1043 2789 Halm
1065 2746 1097 2790 n.
1115 2723 1219 2789 3331).

441 2840 743 2915 'XVII160'520a
766 2851 889 2934 κεφαλὴ
913 2851 967 2914 καὶ
990 2851 1167 2933 ἐγκέφαλον
1190 2852 1250 2913 οὐκ
1273 2851 1351 2933 ἒχειε
1376 2850 1421 2912 ἐπ’

355 2957 485 3037 ἀνδρῶν
513 2957 767 3039 μεγαλοπρεπῶν
797 2958 857 3039 μὲν
886 2963 933 3038 τῷ
964 2960 1100 3040 σώματι,
1134 2956 1213 3020 κατὰ
1247 2956 1356 3039 ψυχὴν
1388 2955 1424 3018 δέ

356 3063 538 3144 ἀλογίστων.

445 3184 529 3252 Vide
561 3185 691 3253 Brasmi
722 3187 1034 3274 interpretationem
1057 3187 1109 3271 111,
1126 3187 1158 3269 4,
1174 3187 1235 3252 40:
1267 3185 1294 3252 0
1325 3185 1424 3271 quale

357 3296 459 3379 caput
489 3298 524 3360 et
555 3294 725 3360 cerebrum
752 3316 822 3360 nen
850 3294 964 3360 habet
1017 3295 1067 3360 De
1098 3293 1161 3376 hie,
1193 3294 1251 3380 qui
1280 3293 1423 3379 corporis

357 3402 466 3487 specie
488 3390 696 3488 praecellunt
717 3402 850 3485 ingenio
874 3404 1036 3469 carentes,
1073 3400 1200 3467 Netum
1216 3422 1258 3467 ex
1274 3398 1423 3486 apologo,

357 3508 415 3594 qui
439 3507 667 3575 circumfertur
690 3510 778 3575 inter
792 3509 982 3594 Aesepicea
1029 3507 1138 3591 Vulgo
1162 3528 1293 3594 queque
1309 3525 1424 3572 vecor-

357 3613 455 3680 dibus
480 3618 516 3681 et
537 3614 688 3702 insipidis
711 3617 809 3682 aiunt
831 3614 964 3682 cerebro
990 3635 1134 3681 vacuum
1158 3636 1233 3680 esse
1256 3617 1365 3699 caput.
1381 3650 1425 3659 -

357 3719 487 3787 Fabula
509 3725 665 3788 narratur
680 3725 757 3791 Aee.
773 3723 846 3790 471)
858 3723 898 3788 H.
932 3724 1081 3806 Ἀλώπηξ
1095 3725 1139 3794 εἰς
1154 3725 1271 3787 οἰκείαν
1286 3722 1425 3785 ἐλθοῦσα

357 3829 531 3910 ὑποκριτοῦ
554 3832 608 3893 καὶ
631 3833 746 3895 ἕκαστα
769 3836 834 3894 τῶν
849 3832 947 3894 αὐτοῦ
963 3836 1088 3894 σκευῶν
1105 3830 1336 3912 διερευνωμένη
1353 3826 1426 3909 εὗρε

358 3935 412 3998 καὶ
433 3937 576 4018 κεφαλὴν
598 3939 836 4019 μυρμολυκείαυ
860 3938 990 4019 εὐφυῶς
1011 3939 1312 4019 κατεσκευασμένην,
1336 3934 1426 4017 ἣκαὶ

359 4042 562 4125 ἀναλαβοῦσα
585 4050 650 4115 ταῖς
672 4045 778 4127 χερσίν
801 4046 880 4126 ἔρρε
903 4043 957 4117 ,Ὠ
975 4045 1026 4107 οἵα
1042 4043 1164 4127 κεφαλὴ
1181 4044 1235 4106 καί
1250 4042 1426 4124 ἐγκέφαλον

275 4198 278 4203 ,
359 4150 420 4212 οὐκ
444 4151 534 4232 ἔχω’.
