3217 5025
796 590 1018 656 „2ss..

374 769 515 835 innoxia
549 771 606 834 est
640 771 743 854 atque
776 769 860 834 adeo
893 789 997 835 vesca
1031 769 1148 852 etiam,
1188 766 1293 834 donec
1327 772 1439 835 aetate

370 875 538 944 durescat.

462 982 555 1047 XIII
582 983 689 1054 Νέους
721 984 833 1066 φίλους
863 989 976 1056 ποιῶν,
1003 983 1112 1065 λῷστε,
1141 989 1206 1046 τῶν
1228 984 1372 1047 παλαιῶν
1394 984 1437 1066 μὴ

374 1091 593 1155 ἐπτλανύάνου.

463 1196 588 1261 llrasm.
610 1195 661 1278 111,
684 1195 715 1277 3,
733 1195 791 1261 80:
827 1194 941 1261 Novcs
975 1215 1098 1280 parans
1133 1195 1268 1280 amicos
1305 1196 1437 1280 optime,

374 1304 526 1367 veterum
550 1322 592 1366 ne
617 1300 819 1367 obliviscere.
865 1301 956 1367 Idem
979 1301 1190 1388 proverbium
1213 1302 1384 1367 invenitur
1404 1302 1439 1367 in

374 1407 444 1473 coll.
478 1407 593 1474 Warn.
622 1428 652 1493 p.
680 1408 742 1474 117
765 1430 790 1474 S.
814 1429 845 1473 v.
877 1411 982 1492 φίλοςτ
1008 1410 1063 1473 Ἂν
1095 1412 1297 1492 καινούριους
1328 1411 1439 1492 φίλους

375 1516 492 1599 κάμῃς,
514 1516 587 1587 τούς
608 1516 761 1586 παλαιοὺς
783 1517 830 1599 μὴ
854 1517 1056 1599 λησμσνήσῃς
1083 1519 1116 1581 et
1141 1514 1230 1601 apud
1253 1514 1439 1581 Kaiziulem

373 1642 405 1687 n.
418 1621 461 1686 39
472 1642 502 1707 p.
519 1621 593 1688 12οῑ
609 1623 708 1687 Νέων
722 1624 825 1706 φίλων
841 1625 990 1706 εὐπορῶν
1005 1624 1149 1687 παλαιῶν
1159 1623 1205 1706 μὴ
1215 1624 1437 1687 ἐντιλανύάνουῑ

375 1731 512 1793 ἐπὶτῶν
535 1730 638 1812 φιλίας
660 1731 793 1800 παλαιᾶς
818 1731 1097 1813 ἇμνημονοόντων.

463 1834 523 1898 XII
538 1834 561 1899 4
583 1836 711 1917 Νευρὸς
726 1842 823 1899 κεῖται
839 1836 959 1918 poton:
984 1837 1034 1900 ἐπὶ
1049 1842 1114 1900 τῶν
1129 1837 1272 1918 ἀπόρων,
1296 1838 1439 1919 εὐπορεῖν

374 1943 410 2006 δὲ
432 1943 728 2025 προσποιουμένων.

463 2047 587 2114 llresm.
600 2047 656 2130 111,
670 2049 700 2130 3,
714 2047 773 2113 30:
789 2046 941 2113 Mortuus
956 2048 1045 2113 iacet
1060 2049 1193 2133 pedena
1221 2048 1293 2113 Dici
1304 2046 1439 2114 solitum

375 2152 538 2239 siquando
573 2174 699 2239 pauper
730 2153 903 2220 simularet
933 2154 1148 2239 opulentiam.
1201 2153 1302 2241 Apud
1331 2175 1439 2220 <unum

374 2259 583 2347 Apostolium
611 2260 836 2347 Byzantinum
866 2261 972 2347 reperi
1006 2264 1042 2327 et
1071 2260 1161 2327 haud
1197 2261 1265 2327 scio
1301 2282 1345 2327 an
1376 2262 1439 2347 ipsi

374 2366 542 2453 vulgoque
565 2366 827 2453 relinquendum.

461 2473 522 2540 XII
538 2474 580 2541 35
601 2475 641 2541 ‘O
663 2478 748 2559 ἔχων
770 2478 868 2540 ἵππου
892 2478 1038 2560 χρήματα
1058 2476 1210 2559 ταχύτατα
1227 2477 1364 2540 ῑππεόειτ
1387 2478 1440 2540 καὶ

373 2585 451 2667 αὕτη
476 2584 639 2667 δημώδης·
973 2614 977 2619 ·

462 2689 596 2756 Dietum
631 2689 769 2771 vulgare
806 2709 880 2754 esse
910 2690 978 2754 iarn
1010 2709 1051 2754 ex
1082 2692 1188 2754 metro
1219 2688 1437 2772 cognoscitur,

373 2817 454 2863 narn
477 2817 594 2862 versus
617 2795 772 2882 politicus
796 2799 856 2861 est.
903 2795 1025 2862 Exstat
1048 2797 1149 2862 etiarn
1173 2797 1208 2861 in
1231 2794 1302 2861 coll.
1326 2794 1439 2862 Warn.

372 2923 402 2988 p.
419 2904 461 2969 35
486 2926 511 2968 S.
535 2925 566 2969 v.
590 2905 707 2986 ἄλογον
730 2924 760 2968 n.
778 2904 815 2968 3:
844 2902 914 2967 ‘On'
947 2906 1010 2986 ἔχει
1038 2905 1155 2986 ἀλόγου
1179 2904 1316 2986 στάμενα
1339 2905 1439 2986 γοργὰ

373 3012 620 3095 καββαλλικεύει,
655 3009 713 3075 ubi
747 3008 888 3075 Warner
922 3009 1118 3095 explicavit:
1162 3010 1313 3075 Numinis
1353 3008 1439 3075 facili

373 3118 507 3199 negotio
543 3117 654 3183 omnia
688 3120 858 3201 parantur,
895 3119 930 3182 et
961 3117 1049 3203 apud
1081 3116 1270 3182 Kainiulem
1300 3137 1331 3182 n.
1357 3117 1438 3182 543:

372 3225 407 3287 Γ
402 3225 518 3307 σργούς
540 3226 559 3288 ό
582 3227 666 3307 ἔχων
689 3227 804 3295 ἵππους
828 3232 954 3307 γοργῶς
978 3226 1114 3289 ῑππεύεὶε
1143 3226 1192 3288 ἐπὶ
1214 3231 1279 3288 τῶν
1301 3227 1439 3308 εὐχερῶς

372 3332 409 3394 τὰ
436 3332 536 3395 πάντα
553 3333 755 3415 πραττόντων
771 3333 807 3395 δι’
826 3334 986 3414 εὐπορίαν.
1026 3331 1123 3396 Nova
1139 3330 1293 3416 exempla
1308 3329 1440 3414 collegit

373 3436 514 3503 Polites:
535 3439 697 3522 Ἐπετνγρὶς
719 3439 914 3521 Παρνασσοῦ
938 3440 980 3502 B'
1006 3436 1116 3523 (1898)
1140 3460 1170 3523 p.
1190 3437 1260 3502 132.

462 3543 523 3609 XII
539 3546 581 3611 36
601 3546 642 3611 Ὁ
664 3548 748 3629 ἔχων
771 3546 852 3610 πολὺ
875 3549 986 3629 πέπερι
1009 3547 1112 3628 τίθησι
1128 3547 1189 3609 κάν
1204 3546 1366 3628 λαχόνοιςῑ
1390 3547 1439 3609 ἐπὶ

371 3658 436 3715 τῶν
459 3654 607 3735 εὐπόρως
629 3654 683 3716 καὶ
705 3654 864 3736 ἀφύόνως
886 3654 1050 3734 βιούντων.

462 3756 587 3825 Erasm.
603 3759 656 3841 HI,
674 3759 704 3842 3,
722 3759 778 3825 37:
812 3759 874 3839 Qui
898 3758 1041 3825 multum
1065 3757 1169 3824 habet
1191 3758 1312 3844 piperis
1335 3757 1439 3823 etiam

374 3862 518 3930 oleribus
549 3865 711 3931 admiscet
739 3887 765 3931 e.
795 3886 824 3950 q.
853 3886 878 3930 s,
932 3864 1091 3930 Nonnihil
1124 3864 1274 3950 suspicor
1308 3866 1342 3930 et
1375 3864 1439 3930 hoc

375 3970 583 4056 Apostolium
604 3995 626 4039 a
648 3970 741 4054 vulgi
762 3972 855 4038 faece
880 3972 1044 4037 hausisse.
1067 4010 1111 4019 —
1134 3971 1206 4036 Hoc
1228 3970 1439 4057 proverbium

372 4077 408 4141 in
431 4076 604 4163 permultis
631 4077 892 4164 Byzantinorum
915 4077 1165 4165 proverbiorum
1189 4076 1438 4144 collectionibus

373 4187 658 4251 commemoratur.
714 4184 862 4264 Quarum
897 4186 988 4251 solus
1023 4183 1127 4251 codex
1157 4186 1192 4267 F,
1229 4185 1286 4269 qui
1320 4182 1439 4250 dicitur

1583 1779 1589 1866 r

1587 2159 1589 2246 t

1587 2349 1589 2472 l
