3217 5025
635 574 835 638 ..¹5-

290 720 938 836 wmrmttaeoawaiv¹

391 944 392 948 Ἰ
420 855 503 938 Hag.
527 858 590 921 ὑπὸ
615 859 675 940 γὰρ
698 839 800 941 ταύτην
851 851 854 858 ’
881 925 883 928 ,

291 960 337 1026 IV
353 960 396 1027 92
419 961 505 1027 lunt.
529 966 731 1048 χρησάμενον
756 967 851 1049 δέρας

419 1068 503 1152 Hag.
526 1072 749 1154 χρυσόμαλλον
772 1073 876 1156 δέρας.

271 1191 328 1257 'In
352 1192 475 1259 Aldina
498 1195 594 1261 deest
619 1194 806 1281 explicatio,
830 1197 866 1261 in
890 1218 958 1283 qne
980 1181 1064 1263 haeo
1087 1199 1192 1264 verba
1209 1221 1269 1264 ex-

202 1303 305 1366 stant.
318 1298 472 1383 Legimus
487 1300 545 1366 eol.
562 1300 626 1365 114
641 1305 775 1368 tantum
788 1301 888 1368 haee:
904 1306 1031 1376 λούσαις
1042 1306 1096 1369 τὸν
1106 1307 1268 1390 Πελίανῆ

201 1408 252 1471 δεῖ
270 1408 382 1490 φαγεῖν
405 1410 546 1492 χελώνης
568 1410 649 1493 κρεὰ
672 1413 691 1492 ἢ
711 1411 757 1493 μη
774 1419 895 1493 φαγεῖν,
919 1432 1005 1497 quae
1028 1412 1063 1475 in
1086 1412 1269 1498 proverbiis

201 1513 438 1580 Alexandrinis
463 1516 642 1581 eoniuneta
663 1514 829 1599 leguntur,
855 1517 893 1582 oi.
917 1539 946 1602 p.
966 1518 1007 1583 10
1031 1501 1079 1585 ed.
1105 1514 1152 1584 Gi.
1247 1590 1258 1606 ,

291 1637 363 1703 Hoo
396 1660 528 1740 qnoque
559 1639 631 1705 loeo
660 1640 810 1723 neglexit
833 1639 987 1707 Gaisford
1011 1642 1270 1729 discrepantiam

176 1821 180 1827 ¹
204 1744 360 1811 editionis
383 1746 597 1813 Florentinae
620 1747 774 1814 indicare.

291 1868 323 1935 V
338 1871 379 1935 21
405 1871 490 1936 lunt.
513 1875 684 1957 μικρότητη
750 1873 760 1896 ”

373 2035 374 2039 ,
397 1977 491 2061 Bag.
513 1971 677 2064 μικρόιητι

407 2084 481 2151 Ald
506 2085 647 2151 001122
670 2090 851 2170 σμικρότητι

220 2257 222 2262 «
293 2208 324 2272 V
340 2210 382 2276 33
406 2210 491 2277 Iunt.
515 2214 574 2277 εἰσϊ
594 2213 736 2296 λάρνακα

407 2316 491 2400 Hag.
515 2322 559 2390 εἷς
581 2321 724 2402 λάρνακα

291 2441 322 2505 V
338 2442 380 2507 33
404 2442 490 2508 lunt·
513 2445 634 2528 πλήξας

407 2550 490 2633 Hag.
515 2554 651 2636 εἰιλήξας
690 2535 691 2538 ¹

290 2674 322 2741 V
338 2673 379 2741 41
406 2672 502 2743 lunt.v
515 2678 566 2741 ἐπὶ
574 2677 688 2741 Νίκων
700 2679 814 2762 φήμην
822 2679 1046 2759 ἀπαλεῖψαιε
1054 2675 1127 2742 Ald.
1138 2675 1196 2743 eoi
1208 2677 1270 2742 117

408 2781 491 2866 Hag.
516 2786 566 2848 ἐπὶ
588 2784 714 2848 Νίκωνι
737 2785 915 2867 ἀπαλεῖψαι.
1014 2780 1016 2784 ’
1266 2775 1268 2778 ⁴

293 2976 429 3044 Minoris
453 2980 613 3045 momenti
637 2986 718 3046 sunt
740 2980 804 3046 hae
830 2978 1057 3046 differentiae:

547 3084 603 3151 Ed.
627 3085 710 3170 Hag.
898 3085 955 3152 nd.
979 3086 1065 3151 lunt,

407 3192 437 3257 Π
453 3192 503 3257 35-
519 3194 713 3278 Κιθαρῳὸοί
855 3195 1069 3278 Κοιθαρῳόοί

408 3299 496 3367 1159
517 3307 581 3365 τῶν
604 3302 742 3366 εἱλώτων
856 3302 911 3366 τὸν
935 3303 1073 3365 εἱλώτων

289 3417 291 3422 ’
405 3404 437 3470 V
452 3407 491 3471 21
518 3409 680 3491 μικρότητι
856 3410 1028 3491 μικρότητη
1100 3432 1102 3435 ·

404 3513 435 3577 V
451 3513 493 3578 33
518 3518 561 3585 εἷς
583 3515 725 3597 λάρνακα
857 3518 917 3579 εῖσῖ
936 3517 1087 3597 λάρνακα.

294 3636 420 3717 Quibus
452 3637 533 3703 loeis
564 3638 704 3724 praebet
732 3637 781 3703 ed.
804 3637 888 3720 Hag.
911 3641 1038 3702 rectam
1062 3637 1269 3722 scripturam,

204 3764 281 3809 oum
304 3743 339 3809 in
362 3745 499 3810 Iuntina
521 3745 606 3811 vitia
627 3747 809 3811 occurrant.
849 3743 928 3810 Inde
945 3747 1060 3810 autem
1076 3744 1271 3811 eoneludere

202 3871 272 3916 non
289 3851 450 3917 debemus
461 3850 591 3934 Hagen.
609 3851 788 3918 editionem
804 3872 846 3917 ex
861 3853 990 3937 proprio
1008 3850 1119 3917 codiee
1131 3850 1272 3916 fluxisse

205 3961 240 4024 et
270 3958 342 4043 ipso
370 3958 425 4025 vel
456 3958 598 4025 meliore
621 3980 722 4046 quam
755 3958 924 4040 luminae,
961 3979 1040 4023 nam
1072 3979 1154 4024 sane
1186 3957 1272 4023 siieri

197 4068 326 4150 potest,
358 4067 397 4131 nt
428 4066 611 4152 scripturae
635 4067 735 4132 huius
760 4065 914 4131 editionis
938 4066 1147 4132 coniecturae
1171 4065 1272 4131 debe·

66 4164 69 4167 ’
201 4176 311 4239 antur.
