3217 5025
505 576 830 642 .-11-

179 743 283 821 dutus
305 754 433 842 passim
455 754 491 820 id
514 754 670 821 ostendit.
710 756 748 820 In
769 776 846 821 eum
864 757 1024 837 congruit,
1043 756 1100 841 qui
1116 758 1250 842 propter

178 861 397 930 insolentiam
429 861 531 928 etiam
563 861 779 947 ineptissimis
802 862 903 927 rebus
928 860 1075 927 effertur.
1121 860 1249 927 Deinde

179 968 290 1035 addit:
323 967 463 1034 Subolet
498 967 562 1033 hoc
596 968 639 1033 ab
675 968 848 1053 Apostolio
885 967 1036 1034 additum
1071 989 1114 1034 ex
1148 968 1248 1034 huius

179 1076 304 1143 aetatis
327 1073 464 1155 adagiis

267 1182 311 1247 III
325 1181 348 1246 4
364 1183 479 1253 Ἄνους
502 1184 520 1246 ὁ
541 1182 667 1266 μακρὸς
682 1183 762 1246 κατὰ
777 1184 834 1266 τὴν
850 1185 1023 1266 παροιμίαν
1040 1233 1047 1245 .
1063 1182 1102 1265 ἧς
1117 1185 1248 1247 ἐναντία.

175 1290 307 1361 Ἐννους
329 1291 348 1353 ὁ
371 1289 497 1372 μακρὸς
519 1290 616 1372 λῆρος
639 1292 658 1373 ἡ
682 1291 846 1372 παροιμία.

268 1395 342 1460 Duo
366 1395 509 1461 trimetri
532 1395 711 1481 Byzantini
735 1398 824 1477 sunt,
850 1395 907 1480 qui
929 1394 1018 1460 idem
1041 1395 1158 1461 valent
1181 1416 1249 1460 non

179 1502 391 1584 contrarium,
409 1504 448 1566 ut
462 1500 658 1587 Apostolius
675 1499 761 1568 dicit.
796 1500 945 1567 Exstant
961 1503 1063 1567 ctiam
1078 1502 1114 1566 in
1127 1502 1250 1568 Aldina

180 1608 239 1674 col.
253 1609 304 1674 35.
340 1608 484 1674 Sensum
502 1607 754 1694 explicaverunt
769 1608 928 1674 Erasmus
939 1608 992 1691 111,
1005 1607 1036 1692 4,
1047 1609 1105 1675 58:
1122 1609 1248 1674 Amens

181 1716 239 1801 qui
270 1715 404 1798 longus,
436 1715 499 1781 hoc
531 1717 583 1781 est
614 1714 702 1801 quod
731 1714 833 1798 vulgo
858 1713 1029 1797 dictitant,
1060 1714 1248 1801 praelongis

178 1824 327 1888 mentem
360 1822 486 1905 deesse,
519 1820 648 1907 pusillis
679 1822 820 1887 nimium
851 1820 972 1887 adesse
1004 1822 1191 1888 animorum
1214 1827 1249 1888 et

52 1960 56 1966 ·
178 1927 346 1995 Zielinski:
380 1929 514 2009 Quaest.
546 1949 627 1995 com.
651 1951 681 2015 p.
699 1928 757 1994 50:
782 1919 896 2001 Ἄνους
920 1931 938 1993 ὁ
961 1930 1096 2012 μακρός,
1128 1931 1168 1994 ut
1196 1932 1249 1995 est

176 2035 213 2101 in
236 2035 425 2121 proverbi03
451 2036 545 2101 cuius
567 2036 653 2102 ratio
678 2056 720 2101 ea
740 2056 815 2101 osse
831 2036 973 2117 videtur,
999 2035 1088 2122 quod
1104 2036 1248 2121 corporis

177 2140 384 2225 magnitudo,
414 2142 443 2207 si
476 2162 551 2207 cum
575 2141 722 2208 stultitia
745 2141 925 2208 coniuncta
948 2144 1008 2225 est,
1041 2143 1149 2226 magis
1172 2164 1247 2208 eam

176 2248 448 2334 conspiciendam
471 2247 587 2314 reddit.

266 2356 310 2421 ΙΠ
325 2357 365 2422 12
376 2357 461 2421 aliu
478 2358 636 2439 στρουθὸς
652 2360 694 2428 εἰς
710 2360 870 2441 χάρακας;
894 2358 976 2439 πρὸς
990 2357 1064 2427 τοὺς
1081 2356 1248 2439 οἰομένους

175 2465 343 2529 λανθάνειν
366 2447 400 2528 ἒν
423 2464 470 2536 οἷς
492 2466 688 2545 πράττουσιν.

266 2569 395 2636 Bonam
428 2568 697 2636 emendationem
719 2570 820 2636 huius
843 2569 923 2635 dicti
946 2569 1051 2634 Kurtz
1073 2570 1247 2655 proposuit

175 2676 303 2763 (Jahrb.
326 2676 349 2742 f.
374 2676 489 2743 Philol.
513 2699 544 2745 u.
569 2677 693 2760 Padag.
722 2676 803 2742 1891
830 2698 860 2762 p.
877 2677 919 2759 6),
954 2675 1010 2762 qui
1041 2676 1184 2742 correxit
1207 2680 1246 2741 ἄν

175 2785 210 2849 in
235 2787 293 2850 σάν
317 2788 372 2866 (ex
395 2787 503 2867 ὠσάν),
536 2785 586 2850 ite
616 2787 655 2849 ut
679 2784 883 2850 sententiam
907 2782 1069 2849 efficeret:
1100 2783 1186 2866 gerit
1209 2805 1245 2849 se

175 2895 216 2956 ut
250 2890 532 2958 struthocamelus
562 2892 598 2956 in
631 2891 816 2973 fruticibus
849 2891 905 2977 qui
936 2912 1057 2956 sensus
1080 2890 1246 2977 Apostolii

176 2996 400 3083 explicatione
425 2987 527 3063 etiam
551 2997 658 3081 magis
681 2997 843 3069 firmatur.

265 3104 309 3168 ΙΠ
325 3104 365 3169 17
377 3105 525 3188 Ἀνόηιος
536 3105 659 3176 νεοττὸς
671 3107 756 3170 ἑκὼν
769 3106 906 3169 δείκνυσι
916 3105 973 3187 τὴν
985 3107 1097 3168 ἑαυτοῦ
1109 3107 1245 3169 νοοσιάν.

175 3210 349 3276 Katziules
372 3211 436 3276 hoc
458 3212 545 3277 inter
569 3233 610 3277 ea
633 3210 810 3296 proverbia
842 3212 1026 3292 enumerat,
1056 3230 1142 3296 quae
1166 3214 1246 3275 sunt

173 3320 247 3401 περὶ
281 3325 406 3401 μωρῶν
446 3320 500 3382 καί
535 3321 680 3402 ἀνοήτων
714 3317 793 3400 (Pol.
818 3317 832 3381 Ι
865 3340 896 3405 p.
920 3317 1004 3401 126).
1059 3315 1105 3382 Oi.
1143 3317 1245 3382 etiam

173 3423 346 3491 PolitesII
368 3446 398 3511 p.
416 3424 490 3490 311.
537 3508 539 3511 Ι

266 3531 309 3597 III
321 3532 364 3597 33
377 3533 509 3616 Ἀπορία
524 3534 646 3615 ψάλτου
662 3535 725 3616 βήξ
733 3554 739 3596 :
756 3533 808 3596 ἐπὶ
821 3539 886 3596 τῶν
897 3533 1244 3615 προοχηματιζομένων

172 3666 200 3703 τι
225 3641 388 3722 ἀδυνασίᾳ.

266 3744 417 3812 Eandem
433 3745 689 3831 explicationem
705 3744 779 3810 aliis
795 3743 906 3810 verbis
922 3743 1062 3830 praebet
1072 3743 1244 3811 Katziules

173 3875 205 3920 n.
223 3852 306 3918 303:
332 3853 403 3916 Ἐπὶ
433 3859 498 3917 τῶν
529 3856 562 3917 ἐν
590 3855 708 3936 ἀπορίᾳ
732 3855 1021 3936 προσποιουμένων
1043 3878 1070 3916 τι
1092 3854 1244 3934 πράττειν.

175 3958 464 4025 Commemoratur
491 3962 594 4045 atque
618 3960 661 4025 ab
684 3959 820 4044 reliquis
844 3958 1026 4045 proverbiis
1050 3961 1245 4041 segregatur

173 4066 209 4131 in
235 4065 358 4132 Suidee
381 4065 488 4131 lexico
512 4087 537 4131 s.
554 4087 585 4131 v.
608 4068 686 4151 βήξ;
711 4067 783 4151 Βῆξ
805 4068 872 4131 ἀντὶ
895 4068 1034 4151 πορδῆςι
1058 4067 1108 4130 ἐπὶ
1130 4072 1195 4129 τῶν
1211 4068 1244 4129 ἐν

174 4176 294 4257 ἀπορίᾳ
324 4175 612 4256 προσποιουμένων
642 4175 704 4238 κτλ.
736 4176 790 4237 καὶ
821 4177 975 4256 παροιμία
1002 4176 1073 4237 νέα;
1112 4174 1244 4253 Ἀπορίᾳ
