3217 5025
787 573 1001 640 -36ῌ

450 748 527 814 XVI
543 749 613 815 35a
638 752 777 834 Τέιτιχας
805 753 935 823 ε’σθίειςῑ
967 753 1017 816 ἐπὶ
1046 759 1111 817 τῶν
1142 754 1193 818 διὰ
1221 755 1355 837 λιχνείαν
1378 756 1432 818 καὶ

361 857 398 919 τὰ
422 857 553 927 οὐδενὸς
576 859 647 931 ἄξια
670 859 852 925 ἐσθιόντων.

450 961 527 1027 XVI
542 962 616 1028 4682
649 965 710 1048 Τῆς
740 966 837 1048 αὐτῆς
866 967 1035 1048 κεραμίαςε
1067 967 1117 1029 ἐπὶ
1144 973 1200 1030 τοῦ
1232 968 1347 1049 ὁμοίου
1378 969 1432 1031 καὶ

361 1071 591 1153 παραπλησίου.
979 1091 980 1094 ’

451 1175 625 1240 Invenitur
648 1175 751 1241 otiam
774 1175 894 1242 Maoar.
918 1176 994 1242 VIII
1012 1176 1060 1243 15.

450 1280 528 1345 XVI
542 1280 586 1345 49
612 1282 676 1365 Τὴν
698 1283 868 1367 Χάρυβδιν
891 1285 1043 1366 ἐκφυγὼν
1064 1292 1103 1368 τῇ
1112 1286 1222 1368 Σκύλῃ
1239 1287 1430 1369 περιέπεσον.

451 1385 576 1452 Erasnn
592 1388 615 1472 1,
634 1388 664 1472 5,
682 1389 718 1454 5:
743 1386 881 1455 Evitata
904 1388 1070 1475 Charybdi
1092 1390 1128 1455 in
1151 1390 1298 1476 Scyllam
1320 1389 1429 1472 incidi,

362 1493 425 1560 hoc
448 1496 510 1577 ost,
535 1493 614 1559 dum
636 1496 706 1561 vito
730 1495 866 1578 gravius
889 1494 1016 1561 malum
1037 1497 1073 1562 in
1096 1494 1240 1562 altorum
1262 1496 1430 1563 dlvorsum

363 1599 472 1669 incidi.
486 1639 532 1649 -
546 1599 705 1667 Eiusdem
728 1602 917 1684 argumenti
940 1602 1116 1689 proverbia
1140 1603 1272 1686 collegit
1294 1603 1430 1670 Krumb.

362 1707 435 1790 Mgs
465 1729 495 1793 p.
524 1706 640 1793 199sq.
692 1707 771 1773 Alia
810 1708 972 1774 eiusmodi
1003 1712 1142 1774 exstant
1172 1711 1287 1795 Apost.
1311 1710 1429 1775 vulo:

355 1815 484 1898 Ἔτρεχέ
512 1840 557 1885 τις
586 1817 632 1898 μὴ
667 1817 887 1899 βρεχθείῃ·θῖ
919 1814 1023 1880 Mani.
1053 1815 1149 1881 Prov.
1172 1816 1215 1880 III
1230 1816 1290 1906 493
1324 1817 1431 1900 Ψύχος

362 1921 477 2003 φυγὼν
500 1924 543 1992 εἷς
565 1922 727 2004 βόρβορον
750 1924 871 1986 ἔπεσον.
919 1920 965 1988 Cf.
990 1920 1069 1988 Otto
1092 1944 1123 2008 p.
1138 1923 1181 1987 82
1206 1921 1318 1987 adnot.

451 2025 528 2091 XVI
543 2026 616 2092 49b
650 2028 713 2111 Τὴν
745 2030 843 2111 ἀμίδα
874 2029 1023 2112 σανδάλῳ
1053 2031 1263 2113 έπιφράπειςτ
1294 2031 1430 2094 ἐπὶτῶν

361 2141 487 2217 μικροῖς
508 2135 629 2217 μεγάλα
653 2137 903 2219 ἐπιχειρούντων.

452 2239 529 2305 XVI
545 2240 585 2305 51
614 2241 678 2325 Τὴν
708 2244 832 2325 ἡμέραν
862 2249 967 2306 πᾶσαν
1002 2244 1097 2326 olido,
1133 2246 1169 2314 ὃς
1204 2246 1242 2307 οὐ
1276 2244 1431 2327 βούλειιαι

363 2351 518 2431 ζυμῶσαι.

453 2453 542 2521 Sauo
566 2453 757 2542 aooipionda
778 2457 831 2522 ost
847 2455 1011 2542 scriptura
1027 2452 1181 2521 editionis
1197 2455 1428 2531 Pantinianao‚

364 2582 450 2647 quaa
480 2562 619 2648 praebat
641 2566 741 2648 σήβει.
787 2563 848 2628 nst
875 2583 993 2629 vorsus
1017 2563 1207 2628 octonarius
1230 2562 1428 2644 trochaicus,

361 2669 420 2755 qui
459 2670 609 2735 slmilitor
647 2672 760 2736 exstat
794 2669 883 2756 apud
917 2668 1159 2735 Hermodorum
1193 2669 1358 2752 Rhegium
1394 2669 1429 2734 in

362 2776 468 2859 Adag.
491 2775 583 2842 MSS.
606 2798 637 2842 v.
663 2798 693 2842 V.
715 2780 799 2861 μέρα
823 2799 853 2863 p.
869 2777 935 2843 906
958 2776 1012 2841 Du
1029 2776 1156 2860 Gange:
1178 2777 1253 2851 Ποῦ
1275 2777 1328 2841 ὀὲν
1345 2778 1430 2841 θέλει

362 2884 401 2947 νὰ
425 2885 568 2968 ζυμώσῃ,
591 2886 682 2948 πέντε
703 2887 815 2967 μέραις
837 2887 1012 2958 κοσκινίζει.
1379 2938 1392 2947 .

452 2989 529 3055 XVI
554 2989 598 3055 74
634 2991 685 3062 Τίς
718 2993 807 3073 χρεία
841 2993 1030 3074 πυθομένου
1064 2991 1250 3073 κρομμύουε
1286 2991 1335 3053 ἐπὶ
1366 2995 1430 3053 τῶν

363 3097 540 3179 ἀχρήστων.

452 3201 543 3268 Idam
565 3202 670 3269 habat
692 3202 864 3268 Katziulos
888 3225 918 3289 p.
938 3202 1000 3268 125
1023 3223 1054 3268 n.
1080 3200 1154 3291 [69],
1187 3202 1245 3288 qui
1268 3201 1428 3287 explieat:

364 3310 414 3372 ἐπὶ
437 3311 614 3394 ἀχρήστων.
636 3312 826 3393 πυθομένου
850 3311 885 3374 δὲ
908 3313 975 3393 ἤτοι
998 3311 1178 3393 σεσηπότας.

452 3416 529 3481 XVI
544 3417 587 3482 83
614 3418 656 3482 Τὸ
680 3420 803 3482 εὔωνον
827 3420 924 3500 κρέας
947 3420 978 3481 oi
996 3417 1089 3486 κύνες
1105 3418 1277 3480 έσβίουσινῑ
1302 3416 1431 3479 ἐπὶτῶν

365 3524 416 3587 διὰ
440 3525 543 3606 φειδῶ
565 3526 709 3595 πλείονος
732 3525 888 3607 ὃιαπάνης
911 3524 1017 3607 φαῦλα
1042 3526 1130 3603 ὤνια,
1145 3524 1348 3606 ἐωνημένων.

454 3629 542 3696 Sane
573 3629 783 3696 scribendum
815 3632 869 3695 est
900 3631 1051 3713 δαπάνης.
1097 3629 1147 3694 Do
1170 3627 1234 3694 hoo
1256 3627 1430 3714 proverbio

365 3733 550 3820 disputavit
572 3735 698 3803 Erasm.
714 3736 770 3818 IV,
788 3737 819 3818 3,
837 3734 896 3802 37:
919 3737 1028 3801 Parvo
1050 3737 1181 3821 emptas
1197 3755 1314 3800 carnos
1331 3754 1431 3799 canos

363 3842 477 3908 odunt.
524 3842 666 3922 Quidam
696 3843 809 3929 putria
839 3845 956 3908 omont
989 3841 1137 3927 opsonia,
1168 3862 1211 3907 no
1242 3839 1430 3927 plusoulum

363 3949 539 4014 insumant
560 3968 780 4017 nummorum.
826 3950 876 4014 Ea
899 3970 974 4015 oum
990 3948 1102 4014 nullus
1119 3948 1265 4032 attingit,
1291 3946 1431 4012 canibus

364 4054 565 4141 aliquotiens
604 4054 732 4122 edenda
771 4060 956 4149 servantur.
1014 4056 1110 4141 Sapit
1144 4058 1178 4121 st
1211 4053 1276 4120 hoo
1309 4052 1431 4136 vulgus

363 4162 482 4227 horum
497 4166 694 4248 temporum.
706 4201 750 4209 —
761 4163 815 4228 Ab
831 4164 1004 4248 Apostolio
1021 4162 1165 4247 sumpsit
1180 4161 1243 4227 hoo
1258 4159 1431 4227 Katziulos
