3217 5025
609 532 827 597 ..53-

270 708 482 796 Apostolium
499 711 614 775 autem
630 709 740 795 ipsum
755 709 928 775 Parthenii
943 708 1108 776 Katziulis
1124 709 1253 776 fontem

181 813 285 882 luisse
308 819 430 881 notum
453 817 506 881 est
529 813 580 901 (ci.
603 814 729 882 Polites
745 816 759 881 Ι
774 817 892 905 pld’),
918 816 973 902 qui
998 815 1101 882 etiam
1117 816 1159 882 53
1175 836 1253 903 pro-

181 922 296 990 verbia
317 921 472 1004 vulgaria
495 942 537 988 ex
561 942 600 988 eo
623 922 756 1009 recepit.

268 1030 415 1112 Dignum
446 1032 499 1095 est
521 1033 710 1096 memoratu
734 1030 838 1096 etiam
862 1028 1044 1116 compluria
1069 1032 1110 1112 (7)
1134 1029 1253 1096 horum

181 1136 431 1223 proverbiorum
453 1136 489 1201 in
514 1135 691 1203 sententiis
714 1137 867 1222 inveniri,
892 1158 979 1223 quae
1003 1135 1146 1203 Publilio
1170 1136 1253 1223 Syro

182 1241 424 1322 adscribuntur.
470 1243 582 1309 Oritur
614 1243 702 1309 enim
727 1244 891 1331 quaesti0‚
921 1246 1034 1309 utrum
1056 1243 1142 1311 hacc
1165 1242 1254 1310 dicta

182 1372 222 1416 ex
244 1349 390 1416 Publilio
414 1350 497 1438 Syro
530 1350 565 1416 in
589 1348 752 1417 Graecum
785 1372 972 1417 sermonem
1000 1351 1186 1418 invaserint
1209 1371 1254 1416 an

182 1441 224 1523 ex
247 1455 375 1523 Graeco
406 1458 441 1523 in
472 1456 622 1541 hagnam
645 1456 811 1525 Latinam.
857 1458 930 1538 Qua
961 1457 1002 1524 de
1033 1479 1068 1524 re
1093 1457 1254 1545 suspicari

180 1585 360 1651 possumus
396 1585 437 1631 ea
472 1562 620 1631 Graecae
656 1565 791 1648 originis
826 1562 932 1629 fuisse
968 1567 1003 1630 et
1038 1586 1058 1630 a
1093 1564 1253 1630 Romanis

180 1674 316 1758 recepta
340 1692 425 1754 esse,
450 1672 609 1758 qnoniam
632 1671 740 1737 multe
762 1673 907 1757 possunt
930 1671 1152 1737 demonstrari
1176 1691 1253 1757 pro·

180 1777 298 1845 verbio
320 1777 453 1864 Latina,
478 1799 565 1865 quae
589 1800 611 1843 a
627 1776 762 1845 Graecis
783 1778 892 1866 petIta
909 1781 998 1864 sunt,
1015 1798 1183 1866 perpauca
1198 1775 1254 1844 vel

181 1883 284 1969 nulla,
317 1906 404 1971 quae
435 1906 457 1950 a
479 1884 641 1951 Romanis
664 1884 709 1952 ad
732 1883 878 1952 Graecos
901 1889 1134 1973 pervenerunt.
1181 1885 1255 1965 Qua

182 1991 222 2058 de
253 2013 288 2058 re
322 1991 509 2078 disputavit
532 1992 667 2058 Orosius
689 1991 928 2060 Wochenschr.
958 1992 981 2059 f.
1012 1992 1113 2059 klass.
1137 1991 1252 2059 Philol.

184 2093 266 2165 '1891
293 2121 323 2185 p.
339 2098 415 2175 426,
439 2098 497 2165 ubi
521 2097 616 2164 dicit:
640 2099 755 2166 Sicher
777 2098 959 2166 rdmisohes
983 2098 1177 2183 Lehensgut
1192 2100 1255 2179 hat

182 2205 260 2274 Otto
284 2205 339 2271 hei
363 2205 428 2273 den
445 2204 609 2272 Griechen
625 2205 719 2273 nicht
733 2206 992 2290 nachgcwiesen
1007 2205 1078 2272 und
1093 2205 1254 2274 Referent

180 2307 236 2379 nie
258 2313 470 2380 beobachtet.

270 2419 453 2487 Proverbia
489 2422 524 2486 in
568 2422 633 2486 hac
677 2419 870 2487 collectione
909 2421 1112 2506 Byzantina,
1152 2440 1253 2506 quarn

181 2527 375 2613 Apostolius
400 2527 564 2612 adhibuit,
594 2527 777 2594 secundum
802 2526 950 2593 ordinem
973 2525 1160 2592 litterarum
1184 2525 1252 2591 dis-

181 2632 294 2722 posita
317 2656 391 2702 esse
415 2635 581 2718 videntur,
607 2636 695 2701 sicut
709 2637 744 2701 in
761 2634 835 2702 aliis
852 2654 984 2721 quoque
1002 2628 1253 2700 collectionibus

182 2743 282 2808 huius
312 2742 443 2826 generis
470 2743 598 2810 factum
628 2745 681 2808 est
711 2742 806 2809 velut
836 2743 871 2807 in
893 2740 1019 2827 Aesopi
1040 2740 1175 2807 nomine
1199 2741 1252 2806 in-

183 2850 321 2936 scriptis.
368 2847 484 2936 Neque
513 2849 601 2915 enim
625 2850 837 2937 Apostolium
860 2849 970 2937 ipsum
992 2849 1082 2915 hunc
1106 2847 1252 2915 ordinem

182 2956 369 3023 restituisse
400 2955 579 3023 verisimile
611 2961 671 3024 est.
717 2957 802 3025 Nam
835 2955 968 3040 singula
990 2955 1166 3044 proverbia
1189 2953 1252 3021 snb

183 3064 322 3130 diuersis
354 3063 474 3129 litteris
505 3065 649 3150 repetita
679 3067 768 3146 sunt,
800 3062 896 3131 velut
923 3063 969 3128 VI
987 3064 1030 3130 60
1061 3063 1127 3131 alio
1158 3064 1253 3129 initio

181 3169 243 3236 XII
254 3171 298 3236 33
308 3192 330 3236 a
353 3171 503 3254 occurrIt,
527 3170 604 3236 VIII
618 3171 662 3237 43
678 3172 821 3239 iteratur
836 3170 882 3236 IX
898 3169 940 3237 59
950 3171 981 3255 b,
998 3170 1074 3237 XIII
1090 3172 1165 3238 soa
1180 3192 1206 3237 s.
1221 3192 1253 3235 n.

181 3277 258 3343 XIII
273 3278 326 3344 97.
372 3276 468 3343 Talia
498 3278 533 3343 in
562 3277 813 3345 collectionibus
837 3277 950 3345 ordine
974 3278 1160 3344 litterarum
1185 3276 1253 3342 dis-

182 3384 310 3471 positis‚
342 3382 401 3450 nbi
429 3383 582 3451 dirersae
606 3386 777 3452 versiones
801 3384 952 3452 eiusdem
975 3383 1141 3479 proverbii
1163 3404 1253 3450 com-

182 3496 420 3575 memorantur,
445 3491 636 3579 frequentia
659 3495 748 3575 sunt,
774 3513 851 3558 cum
873 3493 908 3557 in
933 3490 1017 3574 aliis
1051 3490 1109 3556 ubi
1133 3511 1253 3556 sensus

183 3602 363 3684 spectatur,
395 3620 463 3664 non
494 3599 720 3665 iuvenian‘rur.
767 3598 833 3664 Sed
855 3598 1001 3664 fortasse
1025 3597 1146 3663 dlxerit
1169 3599 1252 3684 quiS,

182 3705 260 3771 inde
292 3705 443 3773 concludi
474 3727 574 3793 posse
596 3704 810 3794 Apostolium
841 3726 883 3771 ex
913 3703 1045 3771 duobus
1075 3703 1131 3771 vel
1163 3725 1253 3771 com-

183 3812 332 3899 pluribus
363 3813 513 3880 iontibns
545 3815 708 3881 hausisse.
754 3812 827 3878 Hoc
850 3833 932 3878 sane
954 3811 1028 3878 fieri
1051 3833 1150 3898 posse
1174 3833 1253 3880 con-

184 3918 376 3986 cedendum.
423 3918 475 3985 Ab
499 3920 607 3986 altera
630 3922 745 3987 autem
768 3922 864 4005 parte
887 3918 970 3985 nihil
993 3919 1137 4004 obsistIt,
1171 3941 1254 4006 quo-

183 4012 294 4093 minus
337 4027 511 4094 credamus
554 4028 623 4093 iam
661 4026 827 4113 Apostolii
864 4026 994 4094 fontem
1033 4047 1076 4093 ex
1114 4026 1253 4093 diversis

183 4133 433 4231 collectionibus
457 4134 676 4221 compositum
700 4155 783 4201 esse.
831 4134 978 4216 Quarum
1001 4156 1071 4201 una
1094 4154 1134 4200 ea
1149 4134 1253 4200 inisse
