3217 5025
610 597 834 662 ,25-

186 774 244 856 τὴν
267 775 524 858 ἀναφαινομένην
547 777 580 838 ἐν
604 778 672 858 ἔαρι
687 776 793 858 χλοήν.
833 774 958 841 Erasm.
974 775 1027 859 HI,
1044 776 1076 859 4,
1093 776 1134 843 81
1151 778 1257 843 inter-

188 881 355 965 pretatur:
387 879 555 966 llxspeeta
578 902 665 947 anus
688 902 799 946 meum
823 882 931 948 filium
955 886 989 948 te
1013 885 1255 967 suaviaturum,

187 1006 268 1051 nem
290 986 485 1072 priusquam
509 986 680 1053 adolescat
695 1009 786 1073 puer,
808 988 866 1053 illa
882 990 1069 1056 decesserit.
1117 989 1256 1056 Contine

188 1092 358 1178 superiori,
384 1114 460 1159 eum
485 1114 560 1160 sera
584 1116 661 1180 spes
685 1094 882 1161 ostenditur.

276 1199 321 1264 XI
335 1200 380 1265 42
403 1202 462 1285 Μὴ
492 1205 540 1265 ὢν
563 1197 672 1285 Σύρος
693 1204 738 1286 μὴ
764 1205 886 1286 σύριζεε
918 1205 1054 1268 ἐπὶτῶν
1075 1208 1147 1287 παρ’
1167 1207 1257 1279 ἀξίαν

184 1333 212 1370 τι
234 1310 421 1372 ποιούντων.

276 1412 435 1490 Erasmus
458 1413 511 1496 Ill,
529 1415 560 1499 3,
577 1415 620 1480 73
646 1414 807 1501 explicat:
833 1417 915 1482 Cum
938 1438 1007 1482 non
1030 1419 1076 1482 sis
1093 1418 1197 1504 Syrus
1213 1439 1255 1483 ne

187 1520 313 1606 syrissa
336 1541 362 1585 e.
387 1543 416 1607 q.
440 1543 466 1587 e.
512 1521 598 1586 Tum
629 1520 737 1588 addit:
768 1522 831 1588 nst
861 1525 977 1588 autern
1007 1523 1140 1589 facetus
1162 1527 1255 1591 iocus

186 1648 228 1691 ex
253 1626 500 1713 amphibologia
522 1628 622 1694 huius
645 1628 740 1695 verbi
763 1633 892 1713 συρίζω,
917 1630 1006 1715 quod
1030 1630 1196 1713 significat
1221 1635 1256 1697 et

186 1733 347 1819 syrissare
372 1739 406 1799 et
428 1731 547 1800 fistula
570 1756 698 1800 canere.

274 1840 320 1905 XI
336 1841 379 1906 50
401 1842 494 1925 Μήτε
516 1843 636 1926 τυφλὸν
660 1844 787 1926 ὁδηγὸν,
811 1846 880 1927 μήτ’
907 1846 1041 1928 ἀνόητον
1057 1845 1254 1927 ξύμβουλονῑ

185 1951 388 2032 supercertari
413 1951 482 2013 ἔστι.

273 2052 345 2120 Ηοο
361 2075 494 2141 quoque
510 2054 668 2121 Erasmus
684 2056 970 2139 vertumade:
986 2057 1102 2142 Neque
1118 2077 1254 2123 caecum

184 2159 303 2226 ducem
326 2183 435 2248 neque
460 2165 631 2228 amentem
655 2162 889 2229 consultorem.
910 2163 1077 2229 Orusiusl.
1094 2185 1118 2228 e.
1142 2185 1171 2249 p.
1187 2164 1253 2229 423

181 2266 246 2333 hoc
270 2288 345 2333 cum
367 2267 529 2334 Planudis
553 2290 584 2335 n.
601 2269 668 2334 254
684 2269 771 2356 (252)
800 2271 1024 2355 comparavit:
1055 2271 1258 2354 Χειραγωγεῐ
1367 2341 1371 2350 .

183 2376 202 2438 ὅ
224 2377 343 2458 τυφλὸς
365 2377 420 2440 τὸν
441 2378 487 2460 μὴ
511 2379 674 2460 βλέποντα.
713 2376 886 2443 Ketziules
902 2376 1007 2442 habet
1021 2398 1052 2462 p.
1071 2375 1133 2441 122
1149 2398 1180 2441 n.
1194 2376 1252 2442 56:

185 2482 312 2565 Τυφλὸς
334 2485 446 2567 τυφλῷ
470 2485 603 2568 δδηγόςε
628 2486 678 2548 ἐπὶ
701 2491 766 2548 τῶν
782 2485 982 2549 ἀπαιδεύτων
998 2487 1123 2565 ἑτέρους
1138 2486 1253 2549 reode-

181 2592 331 2654 τούντων.
377 2589 450 2655 Ηοα
482 2590 607 2656 dictum
640 2591 800 2675 antiquae
833 2590 968 2673 originis
1002 2610 1076 2655 esse
1107 2611 1149 2654 ex
1171 2590 1253 2656 locis

181 2695 352 2761 Plutarchi
368 2699 516 2783 apparet,
533 2719 616 2783 quos
630 2697 805 2783 adscripsit
817 2695 964 2762 Leutsch
976 2697 1011 2760 in
1024 2696 1252 2763 adnotatione.

180 2864 182 2870 .
271 2802 316 2867 XI
333 2802 376 2868 62
398 2805 502 2875 Μίτος
532 2806 637 2887 ἔριδος
666 2806 724 2868 τότ’
757 2804 812 2887 riv:
845 2806 894 2868 ἐπὶ
920 2810 986 2868 τῶν
1008 2805 1177 2887 ἐριζόντων
1199 2806 1253 2868 καὶ

183 2911 433 2994 διατεινομένων.

273 3016 489 3082 Scribendum
535 3038 609 3083 esse
652 3017 800 3085 videtur:
842 3019 946 3088 Μίτος
981 3020 1085 3101 ἔριδος
1118 3019 1176 3082 τότ’
1213 3018 1253 3101 ἦν

182 3126 411 3208 <ιεινόμενος>
436 3124 619 3189 secundum
643 3126 758 3210 Apost.
774 3124 819 3189 ΙΠ
829 3123 873 3190 47
898 3155 941 3179 =
964 3124 1017 3190 Pe.
1037 3124 1130 3207 Diog.
1145 3124 1175 3189 Π
1190 3125 1251 3190 89;

177 3233 445 3315 Ἂπορραγήοεται
484 3234 674 3314 τεινομένων
710 3232 746 3295 τὸ
776 3233 946 3296 καλώδιον.
1000 3232 1084 3296 Rem
1115 3231 1252 3317 exponit

181 3337 307 3404 Erasm.
323 3337 377 3422 Ill,
396 3338 426 3420 3,
440 3338 499 3404 77:
533 3337 642 3403 Filum
678 3338 903 3404 contentionis
936 3341 1011 3403 tum
1045 3341 1125 3403 eret.
1179 3338 1252 3403 Diei

83 3518 88 3526 .
180 3444 317 3510 solitum
340 3445 376 3509 in
398 3446 595 3530 pertinaces.
643 3443 726 3511 Cum
748 3448 889 3531 uterque
913 3447 1070 3531 pervicax
1094 3446 1146 3509 est
1165 3465 1250 3509 neu-

179 3555 298 3637 terque
323 3549 475 3618 concedit
498 3551 618 3617 alteri.
643 3602 649 3617 .
674 3602 680 3617 .
705 3605 711 3618 .
735 3554 886 3638 Apparet
908 3554 1027 3617 natum
1044 3571 1066 3615 a
1080 3550 1168 3632 ludo,
1185 3572 1250 3637 quo

180 3657 312 3725 duobus
324 3656 403 3722 hine
415 3663 518 3744 atque
530 3658 608 3725 hine
619 3658 736 3725 funem
748 3658 944 3724 tenentibus
957 3661 1097 3744 uterque
1110 3661 1252 3723 conatur

180 3765 324 3830 alterum
348 3763 392 3830 ad
415 3786 451 3830 se
474 3765 616 3832 trahere.
663 3765 707 3833 Of.
733 3764 812 3831 Otto
836 3787 867 3830 n.
884 3764 959 3831 739.

268 3870 314 3937 ΧΙ
330 3873 370 3937 71
396 3874 567 3956 Μικρόθεν
590 3875 609 3956 ἡ
634 3874 740 3956 ἀγαδὴ
770 3875 899 3936 ἅκανδα
930 3875 1086 3955 φαίνεταιῑ
1114 3874 1164 3937 ἐπὶ
1185 3879 1251 3936 τῶν

179 3982 215 4043 εἰι
239 3982 369 4063 πρώτης
392 3981 512 4062 ἡλικίας
535 3983 740 4063 φαινομένων
763 3982 899 4061 ἀναδῶν
922 3982 1075 4062 γενέσθαι.

269 4085 395 4151 Erasm.
407 4085 460 4168 ΠΙ,
475 4086 505 4168 3,
520 4088 579 4153 75:
593 4085 675 4150 Cum
687 4085 810 4171 pusilla
822 4088 875 4151 est
885 4086 990 4172 spina,
1004 4085 1096 4151 bona
1106 4084 1248 4151 videtur.

178 4192 329 4258 Pueritia
351 4213 483 4279 semper
499 4191 660 4259 amabilis.
700 4191 988 4272 Quemadmodum
1005 4193 1102 4278 spina
1117 4212 1248 4277 quoque
