3217 5025
760 536 976 602 ..44-

335 716 388 779 est
421 712 484 779 hoo
516 713 728 799 proverbium
763 735 805 779 ex
839 714 956 780 tabula
990 714 1029 781 of.
1064 717 1184 801 Aesop.
1211 715 1275 781 184
1297 715 1336 782 H.
1368 719 1404 782 et

337 820 434 885 Babr.
460 821 531 885 161.
579 819 624 885 nt.
648 820 751 886 etiam
774 821 879 907 Lowy
902 820 1017 886 Philol.
1041 821 1085 886 58
1108 843 1138 907 p.
1155 822 1207 887 85.

425 925 499 991 VIH
514 926 557 992 83
585 926 755 999 Θαλάττιος
778 932 827 992 ὢν
848 930 894 1012 μή
911 953 983 999 πως
998 935 1145 1011 χερσαῖος
1161 931 1250 1011 γένῃῑ
1275 931 1403 994 ἐπὶτῶν

335 1035 636 1116 καταλιμπανόντων
657 1036 695 1098 τοὶ
719 1038 818 1099 οἰκεῖα
842 1036 1071 1118 ἐπιτηδεύματα
1094 1036 1148 1098 καὶ
1163 1043 1227 1107 τοῖς
1241 1037 1287 1119 μὴ
1303 1061 1402 1118 προσ-

334 1143 467 1223 ήκουσιν
490 1143 739 1224 ἐπιχειρούντων.

424 1245 550 1311 Erasm.
563 1246 613 1330 111,
628 1247 659 1329 5,
676 1246 713 1311 ll
732 1246 837 1313 habet
848 1248 936 1313 hano
948 1246 1124 1313 lectionem
1136 1247 1236 1313 huius
1248 1248 1401 1314 trimetri:

341 1353 510 1424 Θαλάττιος
525 1355 608 1419 δ’ὢν
629 1357 755 1438 μήποτε
777 1362 924 1437 χερσαῖος
940 1357 1042 1437 γένου,
1067 1374 1168 1439 quam
1185 1353 1343 1439 explieat:
1367 1354 1403 1420 Si

335 1460 381 1523 sis
404 1458 553 1524 marinus
577 1460 710 1525 abstine
734 1481 756 1525 a
778 1460 1000 1526 terrestribus,
1045 1459 1214 1525 Admonet
1236 1480 1305 1525 non
1328 1481 1401 1524 mu·

338 1564 477 1630 tendam
503 1565 729 1633 condicionem
751 1588 794 1632 ne
818 1566 853 1631 in
878 1565 996 1631 melius
1020 1564 1204 1651 quideme.
1229 1586 1257 1651 q.
1282 1588 1306 1632 s.
1352 1566 1402 1631 Ex

334 1671 459 1758 Aesopi
481 1672 606 1739 fabulis
622 1673 724 1738 fluxit
740 1671 780 1738 of.
796 1694 828 1737 n.
848 1672 910 1738 186
922 1672 972 1755 H„
998 1672 1055 1737 ubi
1070 1672 1134 1737 sub
1150 1673 1250 1737 finem
1265 1673 1401 1755 legitur:

331 1779 468 1844 Οδέ.
486 1783 605 1864 Ηἔφη.
643 1781 778 1854 „mn
759 1805 859 1863 εγωγε
876 1782 980 1844 δίκαια
996 1781 1187 1853 πέπονθα,“
1170 1804 1206 1850 ος
1220 1781 1402 1851 θαλλάττιος

335 1889 383 1949 ὢν
406 1894 551 1969 χερσαῖος
574 1889 756 1971 ἐβουλήθην
779 1889 954 1969 γενέσθαιέί

423 1991 468 2055 IX
484 1993 527 2058 50
550 1994 711 2076 Κάρκινος
733 1994 819 2076 ὀρθὰ
834 1995 971 2077 βαδίζειν
987 2017 1026 2056 ου
1014 1994 1289 2075 ’μεμάθηκεντ
1273 2018 1323 2056 επι
1315 1994 1402 2057 τῶν

335 2098 383 2160 ἀεὶ
406 2098 561 2170 ὡσαύτως
585 2101 723 2182 ἐχόντων
745 2102 819 2181 περί
839 2125 865 2162 τι
889 2099 1022 2181 φαῦλον.

423 2203 550 2269 Natum
573 2207 627 2270 est
650 2225 691 2269 ex
715 2203 855 2290 apologo
879 2225 909 2269 v.
926 2204 1046 2289 Aesop.
1061 2202 1141 2267 Fan.
1165 2202 1401 2271 n.187Haim.

423 2309 469 2375 IX
485 2312 528 2378 97
550 2312 682 2383 Κόκκος
706 2315 790 2377 σίτου
814 2314 1010 2394 προυξένησε
1026 2311 1180 2375 θάνατον;
1205 2312 1334 2375 ἐπὶτῶν
1351 2312 1401 2375 διὰ

336 2417 453 2499 κέρδος
475 2420 593 2490 εὐτελὲς
615 2422 716 2504 μέγαν
740 2421 965 2502 ὑφισταμένων
988 2418 1144 2481 κίνδυνον.

426 2526 545 2612 Aesop.
568 2548 600 2592 n.
624 2526 689 2592 209
713 2525 752 2591 Η.
776 2526 985 2608 Κορυδαλλὸς
1009 2576 1015 2588 .
1040 2576 1046 2589 .
1072 2576 1078 2588 .
1103 2576 1109 2588 .
1133 2526 1267 2607 θρηναλν
1290 2526 1401 2607 ἔλεγεν.

335 2631 453 2715 υΟίμοι
482 2685 488 2696 .
514 2684 520 2697 .
546 2685 552 2698 .
576 2688 583 2701 .
611 2635 732 2705 κόκκος
767 2634 802 2697 δὲ
834 2636 918 2697 σίτου
951 2632 1066 2715 μικρὸς
1096 2632 1151 2695 τὸν
1181 2632 1320 2696 θάνατόν
1345 2656 1402 2715 μοι

334 2742 578 2824 προυξένησεν.“

424 2846 455 2909 X
470 2846 543 2911 9bb
566 2847 678 2927 Λύκος
698 2849 834 2930 ποιμήν;
858 2847 908 2909 ἐπὶ
927 2854 991 2910 των
1006 2846 1083 2927 μετὰ
1100 2847 1260 2928 σχήματος
1276 2846 1401 2928 φιλικοῦ

336 2954 605 3036 ἐπιβουλευόντων
627 2955 692 3018 τισί.

424 3059 474 3123 Ex
497 3057 614 3125 fabula
637 3060 826 3126 derivatum
850 3062 903 3124 est
919 3059 956 3124 of.
970 3060 1045 3123 Aes
1062 3057 1127 3122 283
1139 3056 1178 3122 Η.
1217 3057 1400 3143 Antiquum

336 3164 526 3250 exemplum
558 3169 671 3232 exstat
703 3165 792 3253 apud
822 3165 988 3248 Ps-Diog.
1012 3166 1042 3247 5,
1061 3164 1103 3230 96
1135 3166 1245 3235 Λίκος
1276 3167 1331 3228 καὶ
1353 3167 1401 3229 ὄϊν

334 3276 499 3357 ποιμαίνει.
545 3274 681 3339 Krumb.
702 3272 782 3356 Mgs.
798 3295 829 3359 p.
845 3272 908 3337 231
935 3270 1041 3337 similo
1065 3270 1190 3336 dietum
1213 3290 1256 3335 ex
1271 3270 1401 3336 domne

336 3378 478 3446 Climaoe
511 3380 627 3446 asfelt:
655 3383 767 3446 Arinen
797 3382 864 3444 ἀντὶ
893 3382 1052 3463 ποιμένος.
1108 3377 1154 3443 Cf.
1187 3376 1289 3442 etiam
1322 3375 1400 3443 Otto

335 3488 464 3554 11983.

423 3595 469 3659 XI
485 3594 528 3661 90
551 3595 628 3667 Μῦς
651 3597 694 3665 εἰς
716 3596 861 3678 τρώγλην
876 3596 915 3658 ού
930 3602 1052 3677 χωρῶν
1066 3592 1261 3657 κολοκύνταν
1277 3593 1400 3673 έφερενῑ

336 3705 464 3766 ἐπὶτῶν
479 3706 601 3773 ἑαυτοῖς
614 3703 660 3785 μὴ
678 3703 866 3784 δυναμένων
881 3702 934 3765 καὶ
949 3701 1053 3771 ἄλλοις
1068 3700 1229 3764 θελόντων
1240 3699 1401 3780 βοηθῆσαι

335 3811 388 3873 καὶ
410 3811 678 3892 περιποιήσεσθαι.

424 3913 550 3980 Erasm.
566 3914 618 3996 ΠΙ,
636 3915 666 3998 3,
683 3914 742 3980 79:
775 3914 851 3979 Mus
881 3934 949 3979 non
980 3917 1100 4000 potens
1131 3910 1242 3976 subire
1266 3912 1401 3975 antrum

335 4021 493 4106 gestabat
516 4021 730 4086 ouourbitam.
775 4021 814 4086 In
845 4041 922 4086 eum
953 4018 1113 4102 congruit,
1147 4017 1203 4103 qui
1230 4015 1400 4101 cumipse

335 4131 397 4196 sibi
410 4129 581 4195 consulere
597 4148 665 4193 non
680 4129 796 4214 possit,
814 4126 888 4194 aiiis
901 4130 1041 4193 conatur
1057 4124 1220 4212 opitulari.
1259 4122 1401 4189 Videtur
