3217 5025
652 554 873 620 ..39-

227 737 247 818 ἡ
282 737 437 816 παροιμία
479 735 613 797 τάττεται
653 735 702 797 ἐπὶ
736 743 801 797 τῶν
836 735 993 815 λεγόντων
1028 736 1211 816 ἀσύμφωνα
1246 736 1299 798 καὶ

227 842 434 924 ἀκατάλληλα.
469 843 565 924 όμοία
599 849 652 925 τῇ;
684 841 768 923 Ἐγὼ
804 842 947 923 σκόροδά
982 866 1032 906 σοι
1066 842 1158 922 λέγω,
1193 841 1232 905 σὺ
1264 842 1299 906 δὲ

226 950 365 1032 κρόμμυ’
392 950 557 1031 ἀποκρίνῃ.

317 1071 388 1137 Hoo
401 1093 443 1136 ex
456 1070 566 1156 aliquo
580 1071 771 1138 comoediae
783 1070 856 1137 loco
869 1074 1041 1158 sumptum
1053 1092 1127 1137 osso
1139 1071 1299 1137 Erasmus

228 1181 352 1260 consol,
385 1178 441 1263 qui
470 1178 521 1262 111,
543 1178 573 1260 2,
597 1177 639 1243 96
671 1178 787 1246 veuit:
828 1178 929 1244 Salvo
960 1177 1153 1265 Hypsipyle.
1207 1177 1299 1244 Meos

228 1284 403 1351 columbos
433 1287 540 1351 neoto.
586 1283 661 1350 Non
690 1284 889 1370 tibiloquor
915 1285 1113 1351 istodoro.
1158 1285 1298 1351 Maritus

227 1413 325 1458 meus
356 1392 410 1457 hio
441 1392 519 1456 ost‘?
543 1430 585 1439 -
610 1390 736 1456 Similia
767 1392 870 1457 oliam
894 1393 927 1456 in
952 1391 1026 1457 aliis
1050 1392 1299 1458 collectionibus

227 1498 447 1564 inveniuntur
477 1497 571 1563 volut
603 1497 693 1584 apud
724 1497 912 1564 Katziulem
942 1521 973 1584 p.
1000 1499 1063 1565 120
1085 1520 1117 1566 n.
1140 1499 1201 1564 42;
1228 1500 1300 1563 Ἐπὶ

227 1615 292 1670 ταῖν
309 1606 493 1688 ἀσύμφωνα
508 1607 680 1687 λεγόντωνε
697 1606 841 1688 Χαίροις,
857 1608 935 1688 φίλε.
952 1643 996 1653 -
1011 1607 1168 1689 Κυάμους
1180 1610 1299 1690 σπείρω

230 1715 264 1778 el
286 1712 321 1776 in
346 1711 416 1778 coll.
439 1711 555 1779 Warn.
580 1735 611 1798 p.
633 1711 677 1778 49
702 1731 726 1776 s.
750 1733 780 1778 V.
813 1715 964 1796 γεωργός.
1010 1713 1129 1784 Καλῶς
1159 1716 1298 1796 κάμνεις,

228 1823 368 1903 propyl,¹
391 1819 539 1883 Κουκκιὰ
564 1822 700 1903 σπέρνω.
746 1819 838 1884 Bono
875 1819 991 1885 valeas
1026 1819 1195 1903 agricola?
1241 1818 1298 1884 Illo

229 1926 430 2012 respondet:
455 1946 528 1992 soro
552 1924 659 1990 fabas,
698 1926 747 1990 Do
764 1929 980 2011 praepostero
996 1946 1164 2012 responso.
1198 1926 1299 1991 Prae-

228 2032 321 2098 ioroa
343 2031 467 2097 ibidem
488 2053 518 2117 p.
536 2033 579 2098 50
595 2053 620 2097 S.
636 2054 667 2099 v.
683 2033 821 2117 Γιάννης
837 2054 867 2097 n.
884 2034 921 2097 5:
942 2034 1058 2116 Ὑγιεία
1075 2058 1143 2107 σου,
1157 2033 1299 2119 ΙΓιάννη,·

228 2141 376 2205 Κοοκκιὰ
400 2142 537 2222 οπέρνω.
583 2138 675 2205 ldem
698 2140 788 2205 inest
811 2140 846 2204 in
861 2139 966 2222 Adag.
983 2138 1088 2205 MSS.
1104 2139 1300 2206 Hermodori

227 2246 346 2329 Rhogii
376 2246 430 2311 Du
461 2245 571 2331 Copge
600 2267 629 2331 p.
653 2245 719 2313 726
751 2268 775 2313 s,
799 2269 830 2313 v.
862 2250 958 2312 κουκί
987 2251 1022 2312 ot
1052 2269 1083 2332 p.
1110 2246 1192 2311 1421
1219 2268 1243 2311 s.
1267 2269 1298 2313 v,

229 2357 365 2437 οπέρνω.
409 2354 523 2437 Ύγιεία
557 2379 625 2428 σου,
645 2354 767 2438 ’loom
798 2354 924 2419 Κουκιό
953 2379 1012 2419 σου
1036 2357 1172 2438 σπέρνω.
1227 2353 1298 2432 Quo

230 2460 270 2527 do
294 2461 467 2547 proverbio
492 2460 627 2526 Orosius
643 2459 663 2525 l.
681 2481 705 2527 s.
721 2481 751 2546 p.
767 2459 834 2525 422
858 2463 893 2527 el
907 2460 1043 2526 Krumb.
1059 2459 1132 2543 Mgs
1149 2483 1178 2546 p.
1198 2459 1238 2525 14
1252 2482 1299 2546 sq.

229 2568 366 2634 uberius
390 2567 657 2654 disputaverunt.

317 2693 424 2759 XVIII
447 2693 499 2759 81)
523 2692 636 2777 Χαίρει
658 2702 724 2764 ταῖς
747 2696 898 2777 κατάραις
921 2694 956 2757 τὸ
979 2695 1131 2776 κύμινον;
1164 2694 1300 2757 ἐπὶτῶν

228 2802 330 2886 μηδὲν
354 2801 418 2865 άπὸ
441 2802 580 2883 κατάρας
603 2803 841 2883 βλαπτομένων.

322 2924 368 2993 uf.
392 2924 611 3010 Theophrusl.
635 2924 720 2991 Hisl.
744 2924 853 2999 Plani.
879 2924 993 3006 V11,3‚
1012 2923 1048 2990 3:
1071 2925 1166 2989 Ἴόιον
1190 2925 1224 2989 δὲ
1246 2926 1300 2987 καὶ

230 3035 394 3115 ὃλὲγουσι
416 3034 496 3096 κατὰ
520 3034 631 3096 τούτου
657 3033 729 3116 [τοῦ
752 3033 905 3115 κυμίνου]
924 3053 930 3065 ·
952 3034 1030 3115 φασὶ
1053 3032 1113 3114 γάρ
1138 3033 1203 3096 δεῖν
1224 3056 1299 3094 κατ-

229 3143 371 3224 αρᾶσθαι
404 3166 436 3204 τε
470 3141 524 3204 καὶ
563 3142 762 3223 βλασφημεῖν
800 3143 982 3222 σπείροντας
1011 3142 1042 3203 εἰ
1069 3141 1172 3222 μέλλει
1202 3139 1301 3201 καλὸν

231 3250 359 3312 ἔσεσθαι
382 3249 436 3311 καὶ
458 3247 549 3313 πολύ.

319 3388 425 3454 XVIII
441 3387 484 3453 46
509 3390 614 3472 Χώρα
631 3390 683 3452 καὶ
699 3391 816 3471 νόμοςῑ
841 3390 936 3471 ὁμοία
952 3397 997 3471 τῇ
1015 3388 1114 3457 Πόλις
1126 3389 1179 3451 καὶ
1193 3388 1300 3457 τόπος.

320 3514 391 3578 Hoo
414 3513 622 3599 comparavit
645 3512 780 3578 Orosius
803 3514 824 3578 l.
848 3535 873 3580 s,
897 3534 927 3597 p.
950 3513 1016 3577 415
1041 3531 1115 3576 oum
1138 3509 1299 3576 Planudis

230 3642 260 3686 n.
285 3619 476 3706 201(199);
500 3623 600 3694 Πόλις
623 3625 677 3685 καὶ
699 3622 808 3705 νόμος,
829 3623 926 3703 κώμη
942 3622 996 3684 καὶ
1012 3622 1096 3689 ἔθος.
1135 3616 1300 3704 Ap0sl0lii

228 3727 372 3794 formam
394 3729 519 3814 recepit
541 3727 684 3793 Kalziul.
708 3749 738 3813 p.
758 3728 820 3792 122
840 3748 872 3792 n.
890 3728 949 3792 50:
968 3727 1036 3792 Ὅτι
1059 3729 1190 3792 ἕκαστον
1205 3728 1301 3796 ἔθνος

230 3838 307 3907 ἔθος
330 3838 411 3901 ἴδιον
435 3839 505 3918 ἔχει.
555 3836 581 3901 1.
604 3836 695 3899 Κατὰ
722 3837 835 3918 χώραν
865 3834 975 3898 καὶτὸ
999 3836 1084 3904 ἔθος.
1131 3834 1160 3898 2.
1184 3833 1301 3915 Νόμος

229 3945 283 4007 καὶ
305 3947 406 4028 χώρα.
453 3942 491 4008 In
516 3942 586 4008 ooll.
603 3941 718 4007 Warn.
734 3963 771 4031 p.
791 3941 854 4005 112
878 3962 903 4007 s.
919 3962 949 4006 v.
966 3942 1065 4012 τόπος
1079 3962 1110 4006 n.
1127 3940 1148 4004 2
1163 3938 1299 4021 legitur:

230 4051 324 4115 Κάόε
362 4051 460 4123 τόπος
498 4052 552 4114 καὶ
590 4052 695 4119 τύπος.
758 4048 875 4128 Quivis
914 4047 1022 4114 locum
1064 4068 1162 4112 suum
1196 4045 1300 4111 habel

231 4156 374 4224 modum.
