3217 5025
612 560 836 628 ..47-

273 738 382 805 XVIII
398 738 438 805 61
459 739 499 802 Ὦ
521 738 621 814 οὗτος,
645 743 707 804 κᾶν
729 741 834 815 ύύλαξ
856 742 930 823 γένη
951 742 991 803 ού
1005 741 1259 824 προσελεύσομοί

178 869 254 928 σοιι4
274 848 325 912 ἐπὶ
347 831 412 911 τῶν
435 848 523 921 ἅπαξ
544 849 761 930 πειραύέντων
776 849 960 931 μοχθηρίας
975 849 1077 921 ἐνίων,
1101 848 1204 912 οὐκέτι
1221 848 1255 911 δὲ

179 956 444 1037 ἐξαπατωμένων
466 962 505 1038 τῇ
527 956 621 1038 πείρᾳ
643 961 709 1025 ταῖς
732 955 840 1018 αύιάνν
863 956 1072 1037 ύποκρίσεσιν.

275 1060 397 1145 Aesop.
412 1081 445 1125 n.
460 1059 500 1126 15
512 1059 552 1125 H.
577 1081 601 1126 s.
625 1059 645 1124 f.
672 1061 744 1126 Τῶν
768 1062 802 1125 δὲ
825 1067 920 1145 μνῶν
939 1086 983 1132 τις
998 1062 1194 1143 παρακύψας
1210 1062 1256 1132 ὡς

181 1170 326 1232 osseam
358 1167 468 1242 αὐτὸν,
500 1167 586 1232 εἶπεν
602 1188 608 1202 ·
625 1168 722 1242 ,Ἀλλ’
753 1167 782 1233 ὦ
807 1166 909 1241 ούιος,
933 1170 1031 1251 σοίγε,
1062 1170 1123 1231 κᾶν
1153 1168 1257 1241 ύύλαξ

183 1269 270 1358 γίνῃ,
295 1276 334 1339 ού
357 1275 669 1357 προσελεοσόμεύα.“
704 1274 744 1339 ‘O
757 1275 852 1357 λύγος
868 1276 965 1359 άηλοῖ,
990 1277 1036 1339 ὅτι
1060 1277 1091 1339 οῖ
1105 1277 1256 1358 φρόνιμοι

183 1388 250 1446 τῶν
283 1383 480 1464 ἀνθρώπων,
515 1383 591 1446 ὅταν
623 1390 679 1465 τῆς
713 1384 806 1447 ἐνίων
838 1384 1022 1466 μοχθηρίας
1050 1371 1256 1466 πειραύῶσιν,

184 1491 291 1553 ούκίιι
314 1490 420 1552 οὔτῶν
443 1495 508 1559 ταῖς
530 1490 732 1571 ὑποκρίσεων
756 1490 977 1563 ἐξαπατῶνται.

259 1701 514 1788 ⁴Quaecumque
539 1700 628 1768 diota
650 1702 717 1768 iam
741 1701 777 1766 in
799 1699 945 1768 medium
969 1699 1101 1788 prolata
1117 1705 1151 1766 et
1166 1703 1257 1765 trae-

187 1810 263 1875 tata
292 1811 385 1891 sunt,
417 1807 452 1874 in
484 1807 678 1874 collectione
703 1806 850 1894 quadam
872 1807 1119 1894 proverbiorum
1143 1828 1256 1873 reeen-

187 1915 310 1981 tiorum
345 1914 516 1980 exstitisse
551 1913 717 1999 videntur,
754 1936 822 2002 qua
852 1913 1046 2001 Apostolius
1081 1905 1162 1979 usus
1197 1916 1257 1980 est.

187 2022 385 2108 Priusquam
417 2024 535 2087 'autem
569 2022 604 2086 in
638 2022 835 2087 universum
870 2020 910 2087 de
940 2021 1012 2088 hoc.
1031 2022 1124 2087 ionte
1154 2021 1259 2088 verba

189 2128 343 2213 facimus,
377 2150 418 2195 ea
448 2129 637 2217 Byzantina
668 2129 958 2195 commemoranda
981 2131 1071 2214 sunt,
1107 2149 1193 2215 quae
1217 2151 1258 2195 ex

188 2235 381 2302 auctoribus
419 2236 598 2302 serioribus
632 2236 755 2319 ignotis
791 2239 948 2323 excerpta
983 2257 1057 2301 esse
1093 2235 1257 2303 videntur.

187 2342 409 2409 Inveniuntur
447 2334 535 2409 enim
573 2341 662 2428 apud
697 2342 908 2429 Apostolium
947 2363 1065 2408 versus
1105 2341 1258 2408 didactici

186 2449 321 2516 novicia
352 2451 424 2516 arte
451 2448 534 2516 faeti
557 2453 591 2516 et
614 2448 735 2516 breves
757 2448 921 2516 formulae
944 2470 1063 2537 prosae
1088 2449 1257 2533 orationis,

186 2578 275 2643 quae
286 2556 369 2625 nihil
380 2555 518 2641 vulgare
530 2557 668 2642 sapiunt
679 2556 737 2622 sed
748 2556 881 2622 doctam
890 2557 1049 2639 originem
1057 2556 1258 2639 significant.

224 2653 228 2659 ’
278 2663 377 2730 Tales
400 2654 526 2730 versus*
542 2663 578 2729 hi
601 2667 697 2730 sunt:

208 2758 210 2762 Ι
277 2770 343 2836 116
360 2760 493 2855 Ἅκμων
515 2774 660 2856 μέγιστος
684 2760 721 2836 oti
745 2773 888 2855 φοβεῖται
909 2771 984 2844 τοὺς
1007 2772 1140 2855 ψόφους
1192 2832 1195 2835 .

264 2868 266 2873 ’
333 2965 335 2969 ¹
364 2878 430 2942 Καὶ
452 2885 528 2950 νοῦς
550 2881 699 2962 ἐχέφρων
721 2885 827 2943 πᾶσαν
850 2880 1005 2943 ἕλκουσαν
1027 2868 1120 2962 βίαν,

278 2977 352 3050 Duo
376 2984 518 3050 trimetri
540 2983 673 3050 iambioi
697 2976 777 3050 sunt
800 2984 1009 3072 Byzantinae
1034 2984 1125 3051 artis.

278 3089 310 3154 V
329 3090 401 3158 198,
431 3092 520 3155 Γάλα
555 3094 660 3176 τρέφει
694 3095 799 3176 νήπια,
834 3094 932 3157 παῖδα
966 3094 1145 3177 δ’ἔμφρονα
1181 3093 1259 3175 γάλα

186 3200 301 3263 πιαίνει
325 3201 520 3282 σωφροσύνη
544 3200 702 3281 καθάπερ.

279 3303 487 3386 Emendatio,
520 3326 621 3390 quam
645 3304 782 3370 Mueller
811 3305 985 3392 proposuit
1007 3298 1157 3388 καθάπερ
1181 3307 1260 3388 γάλα

186 3415 301 3482 πιαίνει
329 3415 524 3497 σωφροσύνη
560 3409 612 3497 (ci.
636 3410 762 3501 adnot.)
795 3417 973 3500 propterea
1006 3410 1173 3478 reicienda
1197 3415 1259 3495 est,

189 3518 280 3605 quod
314 3522 458 3585 metrum
493 3518 656 3584 turbatur.
712 3515 885 3585 Habemus
920 3520 1008 3584 enim
1042 3522 1110 3585 tres
1143 3508 1260 3584 versus

192 3624 377 3691 trochaicus
409 3625 627 3712 Byzantinos:
650 3626 739 3690 Γάλα
762 3629 868 3710 τρέφει
891 3629 986 3710 νήπια
1008 3624 1020 3712 Η
1041 3628 1139 3690 παῖδα
1164 3628 1260 3711 δ’ἔμ-

190 3757 296 3816 φρονα
328 3734 408 3816 γάλα
429 3731 441 3819 ΙΙ
462 3735 574 3797 πιαίνει
605 3734 811 3817 σωφροσύνη.
857 3731 1076 3818 Paraphrasis
1100 3736 1259 3817 καθάπερ,

189 3859 278 3925 quae
302 3842 422 3924 postea
445 3837 561 3904 addita
584 3838 657 3905 esse
681 3838 823 3922 videtur,
849 3837 991 3905 delenda
1015 3842 1075 3906 est.

281 3945 402 4012 V78k
424 3947 459 4010 Γ
454 3947 584 4018 αναιιιὸς
607 3949 697 4031 ὄμμα
720 3954 784 4019 τοῖς
807 3949 1005 4030 ἀκμάζουσιν
1027 3949 1127 4032 βέλος.

281 4051 380 4118 Ηαασ
403 4053 590 4120 trimetrum
613 4053 795 4119 iambicum
817 4054 943 4120 Erasm.
959 4055 1061 4141 flio,
1075 4054 1118 4120 69
1142 4054 1262 4120 Latine

190 4157 311 4225 vertit:
335 4157 481 4225 Mulieris
506 4158 621 4225 oculus
646 4158 810 4245 spiculum
833 4161 1012 4226 iuvenibus
1040 4164 1101 4226 est.

283 4273 288 4277 .
1066 4265 1098 4319 4*
