3217 5025
742 1174 1002 1263 cupario

820 1318 928 1330 m

393 1407 459 1477 DE
490 1404 770 1477 Aposronn
804 1405 1347 1510 PSEUDOPROVERBllS.

427 1565 516 1631 Sane
550 1563 740 1631 laudandus
776 1568 829 1632 ost
863 1563 1072 1652 Apostolius,
1108 1564 1197 1653 quod
1230 1565 1408 1652 proverbia
1497 1621 1506 1632 .

337 1670 536 1760 Byzantina,
561 1693 648 1757 quae
671 1671 911 1758 pretiosissima
933 1692 1011 1758 pars
1035 1672 1107 1738 cius
1125 1670 1328 1739 collectionis
1345 1672 1408 1738 dici

336 1780 488 1870 possunt,
519 1778 700 1844 memoriae
731 1777 876 1862 tradidit,
908 1799 983 1844 cum
1007 1778 1189 1865 proverbiis
1213 1777 1406 1870 colligendis

338 1906 474 1971 operam
497 1883 600 1951 daret.
646 1883 759 1969 Longe
783 1885 872 1951 enim
895 1881 992 1951 alitor
1014 1875 1201 1951 iudicamus
1223 1883 1288 1952 hac
1312 1875 1407 1974 de're

338 1975 441 2078 atque
463 1990 633 2073 Erasmus,
658 1990 715 2078 qui
739 2012 816 2057 eurn
839 1991 1056 2058 vehementer
1077 1991 1293 2079 vituperavit,
1318 1993 1407 2080 quod

336 2095 421 2164 haec
444 2097 534 2166 dicta
556 2098 591 2164 in
615 2119 699 2184 opus
722 2109 822 2164 suu'rn
844 2099 976 2185 recepit.
1022 2097 1110 2166 Dicit
1126 2099 1214 2188 enirn
1230 2098 1405 2182 111,3,42:
1479 2185 1483 2192 Ι

336 2203 380 2271 Et
403 2204 466 2271 hoc
488 2204 524 2270 ni
546 2204 642 2271 fallor
657 2204 852 2291 Apostolius
876 2205 991 2272 hausit
1014 2227 1036 2271 a
1051 2204 1143 2289 vulgi
1158 2204 1262 2271 iaecc.
1297 2206 1405 2272 Homo

336 2333 405 2378 non
435 2309 570 2398 perinde
594 2311 730 2395 elegans
754 2319 858 2397 atque
890 2310 1015 2399 palate,
1048 2311 1328 2399 quemadmodum
1352 2334 1406 2378 ac·

338 2418 484 2504 cepimus
508 2417 551 2484 ab
574 2418 624 2504 iic,
649 2419 707 2505 qni
729 2439 808 2484 eum
831 2416 1015 2485 domestica
1038 2417 1280 2485 consuetudine
1299 2438 1405 2485 nove-

336 2529 422 2594 rant.
445 2565 490 2575 —-
513 2527 565 2593 Ab
597 2527 705 2593 altera
727 2529 842 2593 autem
865 2532 961 2614 parte
984 2527 1104 2593 merita
1127 2548 1190 2593 sua
1213 2526 1406 2594 obscuravit

336 2633 544 2721 Apostolius,
585 2632 674 2719 quod
704 2633 768 2700 hoc
799 2633 911 2700 studio
942 2630 1099 2700 incensus
1129 2633 1238 2700 multa
1272 2654 1405 2720 quoque

337 2741 514 2826 congessit,
548 2761 634 2828 quae
664 2739 790 2807 nullius
821 2741 919 2827 pretii
950 2743 1030 2807 sunt
1061 2740 1281 2807 aestimanda.
1332 2741 1406 2821 Qua

337 2847 378 2913 de
408 2867 444 2912 re
475 2846 543 2912 iam
574 2846 708 2933 saepius
735 2850 938 2914 monuerunt
966 2848 1028 2914 viri
1059 2846 1149 2914 docti
1178 2845 1273 2914 velut
1302 2846 1405 2913 Hiller

336 2952 453 3019 Philol.
476 2953 520 3018 34
542 2976 573 3040 p.
589 2954 655 3018 228
679 2956 713 3019 et
736 2952 904 3021 Schneck:
936 2956 1071 3036 Quaest.
1095 2975 1238 3040 paroem.
1271 2952 1312 3020 de
1335 2953 1404 3019 cod.

337 3060 512 3142 Ooisliano,
536 3061 592 3145 qni
608 3081 638 3146 p.
655 3059 698 3126 26
708 3081 755 3146 sq.
780 3060 876 3129 dicit:
900 3060 1045 3144 „Notum
1069 3064 1122 3127 cst
1137 3061 1313 3148 scriptores
1329 3059 1406 3127 aevi
1524 3103 1529 3113 .

336 3166 515 3255 Byzantini
533 3167 794 3250 flagrantissime
812 3168 994 3234 luminibus
1010 3168 1259 3254 proverbiorum
1276 3167 1403 3234 inhiare

336 3274 391 3361 (cf.
406 3273 525 3340 Bernh.
542 3272 665 3340 Oomm.
682 3273 722 3339 de
740 3273 864 3340 Suidae
879 3273 942 3342 lex.
958 3296 989 3361 p.
1004 3274 1153 3364 LXXVI)
1169 3277 1270 3361 atque
1288 3295 1404 3341 omnes

335 3380 522 3449 locutiones
552 3380 608 3448 vel
635 3378 806 3466 formulas
839 3402 926 3467 quae
959 3381 1211 3474 similitudinem
1234 3380 1403 3469 quandam

337 3511 411 3556 cum
454 3488 636 3576 proverbiis
678 3487 843 3573 habeant,
887 3489 1005 3555 horum
1047 3508 1185 3554 numero
1220 3488 1404 3554 immiscere

336 3594 518 3683 eodemque
533 3594 632 3662 modo
649 3594 814 3682 explicare
831 3598 864 3661 et
879 3594 1099 3682 interpretari.
1123 3593 1403 3661 Luculentissime

336 3703 399 3769 hoc
422 3702 671 3769 demonstratur
693 3702 765 3769 loco
788 3702 845 3768 illo
869 3701 1093 3768 Eustatbiano
1109 3723 1140 3789 p.
1159 3701 1254 3785 1926,
1271 3701 1314 3768 62
1323 3722 1402 3788 sqq,

335 3809 393 3875 ubi
418 3808 458 3875 de
479 3830 569 3875 nova
592 3808 726 3876 disserit
741 3808 909 3892 method0,
935 3807 1214 3896 quemadmodum
1230 3807 1404 3894 proverbia

335 3916 418 3999 fingi
433 3915 489 3982 vel
506 3915 663 4002 explicari
678 3916 818 4002 possint.
852 3916 985 3996 Quanto
1002 3916 1113 3983 studio
1130 3915 1183 3981 his
1198 3914 1403 4000 temporibus

335 4023 584 4113 proverbiorum
608 4022 819 4090 collectiones
842 4022 903 4090 tali
920 4022 1017 4089 modo
1038 4025 1159 4089 auctae
1181 4022 1257 4106 sint,
1279 4022 1403 4108 optime

336 4131 547 4215 cognoscitur
558 4152 575 4197 e
588 4132 689 4197 vasta
700 4128 867 4213 farragine
880 4130 1083 4212 adagiorum,
1095 4149 1196 4215 quam
1208 4126 1403 4215 Apostolins
