<?xml version="1.0" encoding="UTF-8"?>
<!DOCTYPE html PUBLIC "-//W3C//DTD XHTML 1.0 Transitional//EN"
    "http://www.w3.org/TR/xhtml1/DTD/xhtml1-transitional.dtd">
<html xmlns="http://www.w3.org/1999/xhtml" xml:lang="en" lang="en">
 <head>
  <title>
</title>
<meta http-equiv="Content-Type" content="text/html;charset=utf-8" />
  <meta name='ocr-system' content='tesseract 3.04.00' />
  <meta name='ocr-capabilities' content='ocr_page ocr_carea ocr_par ocr_line ocrx_word'/>
</head>
<body>
  <div class='ocr_page' id='page_1' title='image "./quaestionesparo00petzgoog_0013.png"; bbox 0 0 3217 5025; ppageno 0'>
   <div class='ocr_carea' id='block_1_1' title="bbox 646 566 849 631">
    <p class='ocr_par' dir='ltr' id='par_1_1' title="bbox 646 566 849 631">
     <span class='ocr_line' id='line_1_1' title="bbox 646 566 849 631; baseline 0 -18"><span class='ocrx_word' id='word_1_1' title='bbox 646 566 849 631; x_wconf 68' lang='grc'>,7-</span> 
     </span>
    </p>
   </div>
   <div class='ocr_carea' id='block_1_2' title="bbox 212 742 1282 1364">
    <p class='ocr_par' dir='ltr' id='par_1_2' title="bbox 212 742 1281 940">
     <span class='ocr_line' id='line_1_2' title="bbox 212 742 1281 829; baseline 0 -20"><span class='ocrx_word' id='word_1_2' title='bbox 212 744 282 809; x_wconf 92' lang='grc' dir='ltr'>ΡΗ</span> <span class='ocrx_word' id='word_1_3' title='bbox 299 742 460 810; x_wconf 79' lang='lat' dir='ltr'>exhibent</span> <span class='ocrx_word' id='word_1_4' title='bbox 475 746 625 827; x_wconf 79' lang='grc' dir='ltr'><strong><em>εὐμενῶς.</em></strong></span> <span class='ocrx_word' id='word_1_5' title='bbox 651 743 725 824; x_wconf 80' lang='lat' dir='ltr'>Qua</span> <span class='ocrx_word' id='word_1_6' title='bbox 740 742 927 829; x_wconf 77' lang='lat' dir='ltr'>corruptela</span> <span class='ocrx_word' id='word_1_7' title='bbox 941 744 1010 811; x_wconf 90' lang='lat' dir='ltr'>iam</span> <span class='ocrx_word' id='word_1_8' title='bbox 1025 744 1109 828; x_wconf 85' lang='lat' dir='ltr'>Hag.</span> <span class='ocrx_word' id='word_1_9' title='bbox 1125 743 1281 811; x_wconf 83' lang='lat' dir='ltr'>editionis</span> 
     </span>
     <span class='ocr_line' id='line_1_3' title="bbox 212 849 964 940; baseline -0.001 -23"><span class='ocrx_word' id='word_1_10' title='bbox 212 849 358 917; x_wconf 83' lang='lat' dir='ltr'>codicem</span> <span class='ocrx_word' id='word_1_11' title='bbox 381 849 552 940; x_wconf 86' lang='lat' dir='ltr'>laborasse</span> <span class='ocrx_word' id='word_1_12' title='bbox 575 850 754 917; x_wconf 84' lang='lat' dir='ltr'>verisimile</span> <span class='ocrx_word' id='word_1_13' title='bbox 779 853 840 917; x_wconf 88' lang='lat' dir='ltr'>est.</span> <span class='ocrx_word' id='word_1_14' title='bbox 961 912 964 916; x_wconf 84' lang='lat'>.</span> 
     </span>
    </p>

    <p class='ocr_par' dir='ltr' id='par_1_3' title="bbox 213 955 1282 1256">
     <span class='ocr_line' id='line_1_4' title="bbox 301 955 1281 1041; baseline 0 -19"><span class='ocrx_word' id='word_1_15' title='bbox 301 957 346 1022; x_wconf 90' lang='lat' dir='ltr'>IV</span> <span class='ocrx_word' id='word_1_16' title='bbox 361 957 413 1023; x_wconf 81' lang='lat'>92.</span> <span class='ocrx_word' id='word_1_17' title='bbox 451 956 523 1022; x_wconf 88' lang='lat' dir='ltr'>Hoc</span> <span class='ocrx_word' id='word_1_18' title='bbox 552 955 625 1022; x_wconf 92' lang='lat' dir='ltr'>loco</span> <span class='ocrx_word' id='word_1_19' title='bbox 655 956 739 1041; x_wconf 86' lang='lat' dir='ltr'>Hag.</span> <span class='ocrx_word' id='word_1_20' title='bbox 771 957 873 1023; x_wconf 92' lang='lat' dir='ltr'>editio</span> <span class='ocrx_word' id='word_1_21' title='bbox 906 978 981 1023; x_wconf 91' lang='lat' dir='ltr'>cum</span> <span class='ocrx_word' id='word_1_22' title='bbox 1012 955 1180 1024; x_wconf 84' lang='lat' dir='ltr'>codicibus</span> <span class='ocrx_word' id='word_1_23' title='bbox 1210 956 1281 1022; x_wconf 90' lang='lat' dir='ltr'>PH</span> 
     </span>
     <span class='ocr_line' id='line_1_5' title="bbox 213 1063 1282 1149; baseline -0.001 -19"><span class='ocrx_word' id='word_1_24' title='bbox 213 1063 392 1144; x_wconf 84' lang='lat' dir='ltr'>consentit,</span> <span class='ocrx_word' id='word_1_25' title='bbox 417 1063 474 1149; x_wconf 90' lang='lat' dir='ltr'>qui</span> <span class='ocrx_word' id='word_1_26' title='bbox 497 1064 577 1129; x_wconf 91' lang='lat' dir='ltr'>item</span> <span class='ocrx_word' id='word_1_27' title='bbox 601 1066 824 1148; x_wconf 78' lang='grc' dir='ltr'><strong><em>χρυσόμαλλον</em></strong></span> <span class='ocrx_word' id='word_1_28' title='bbox 847 1063 1018 1146; x_wconf 85' lang='lat' dir='ltr'>exhibent,</span> <span class='ocrx_word' id='word_1_29' title='bbox 1048 1084 1124 1129; x_wconf 92' lang='lat' dir='ltr'>oum</span> <span class='ocrx_word' id='word_1_30' title='bbox 1146 1064 1282 1130; x_wconf 90' lang='lat' dir='ltr'>Iuntina</span> 
     </span>
     <span class='ocr_line' id='line_1_6' title="bbox 213 1168 1071 1256; baseline 0.001 -20"><span class='ocrx_word' id='word_1_31' title='bbox 213 1169 286 1237; x_wconf 89' lang='lat' dir='ltr'>sola</span> <span class='ocrx_word' id='word_1_32' title='bbox 307 1168 432 1236; x_wconf 89' lang='lat' dir='ltr'>falsam</span> <span class='ocrx_word' id='word_1_33' title='bbox 455 1170 654 1255; x_wconf 81' lang='lat' dir='ltr'>scripturam</span> <span class='ocrx_word' id='word_1_34' title='bbox 677 1174 879 1255; x_wconf 75' lang='grc' dir='ltr'><strong><em>χρησάμενον</em></strong></span> <span class='ocrx_word' id='word_1_35' title='bbox 901 1170 1071 1256; x_wconf 86' lang='lat' dir='ltr'>praebeat.</span> 
     </span>
    </p>

    <p class='ocr_par' dir='ltr' id='par_1_4' title="bbox 302 1275 1282 1364">
     <span class='ocr_line' id='line_1_7' title="bbox 302 1275 1282 1364; baseline 0.002 -23"><span class='ocrx_word' id='word_1_36' title='bbox 302 1277 333 1341; x_wconf 94' lang='lat' dir='ltr'>V</span> <span class='ocrx_word' id='word_1_37' title='bbox 348 1276 401 1343; x_wconf 90' lang='lat'>41.</span> <span class='ocrx_word' id='word_1_38' title='bbox 439 1275 508 1343; x_wconf 88' lang='lat' dir='ltr'>Res</span> <span class='ocrx_word' id='word_1_39' title='bbox 530 1277 642 1342; x_wconf 90' lang='lat' dir='ltr'>minus</span> <span class='ocrx_word' id='word_1_40' title='bbox 666 1277 757 1344; x_wconf 89' lang='lat' dir='ltr'>clara</span> <span class='ocrx_word' id='word_1_41' title='bbox 780 1281 833 1343; x_wconf 90' lang='lat' dir='ltr'>cst</span> <span class='ocrx_word' id='word_1_42' title='bbox 847 1276 911 1361; x_wconf 85' lang='lat' dir='ltr'>hic,</span> <span class='ocrx_word' id='word_1_43' title='bbox 936 1278 1095 1364; x_wconf 92' lang='lat' dir='ltr'>quoniam</span> <span class='ocrx_word' id='word_1_44' title='bbox 1110 1275 1282 1344; x_wconf 87' lang='lat' dir='ltr'>diiudicari</span> 
     </span>
    </p>
   </div>
   <div class='ocr_carea' id='block_1_3' title="bbox 212 1382 1283 3179">
    <p class='ocr_par' dir='ltr' id='par_1_5' title="bbox 212 1382 1283 2304">
     <span class='ocr_line' id='line_1_8' title="bbox 213 1382 1282 1470; baseline -0.003 -20"><span class='ocrx_word' id='word_1_45' title='bbox 213 1384 339 1470; x_wconf 84' lang='lat' dir='ltr'>nequit,</span> <span class='ocrx_word' id='word_1_46' title='bbox 369 1404 452 1449; x_wconf 93' lang='lat' dir='ltr'>num</span> <span class='ocrx_word' id='word_1_47' title='bbox 475 1383 666 1450; x_wconf 86' lang='lat' dir='ltr'>coniectura</span> <span class='ocrx_word' id='word_1_48' title='bbox 689 1387 842 1451; x_wconf 88' lang='lat' dir='ltr'>occurrat</span> <span class='ocrx_word' id='word_1_49' title='bbox 863 1385 897 1449; x_wconf 88' lang='lat' dir='ltr'>in</span> <span class='ocrx_word' id='word_1_50' title='bbox 922 1385 1146 1468; x_wconf 83' lang='lat' dir='ltr'>Haganoensi.</span> <span class='ocrx_word' id='word_1_51' title='bbox 1193 1382 1282 1448; x_wconf 88' lang='lat' dir='ltr'>Sanc</span> 
     </span>
     <span class='ocr_line' id='line_1_9' title="bbox 213 1489 1281 1577; baseline -0.003 -21"><span class='ocrx_word' id='word_1_52' title='bbox 213 1489 311 1556; x_wconf 88' lang='lat' dir='ltr'>facile</span> <span class='ocrx_word' id='word_1_53' title='bbox 335 1494 408 1556; x_wconf 88' lang='lat' dir='ltr'>erat</span> <span class='ocrx_word' id='word_1_54' title='bbox 430 1489 604 1557; x_wconf 87' lang='lat' dir='ltr'>intellectu</span> <span class='ocrx_word' id='word_1_55' title='bbox 627 1512 685 1577; x_wconf 88' lang='lat' dir='ltr'>pro</span> <span class='ocrx_word' id='word_1_56' title='bbox 710 1493 760 1556; x_wconf 82' lang='grc' dir='ltr'>ἐπὶ</span> <span class='ocrx_word' id='word_1_57' title='bbox 776 1491 891 1556; x_wconf 83' lang='grc' dir='ltr'><strong><em>Νίκων</em></strong></span> <span class='ocrx_word' id='word_1_58' title='bbox 914 1490 1125 1557; x_wconf 86' lang='lat' dir='ltr'>scribendum</span> <span class='ocrx_word' id='word_1_59' title='bbox 1140 1511 1214 1557; x_wconf 88' lang='lat' dir='ltr'>esse</span> <span class='ocrx_word' id='word_1_60' title='bbox 1230 1491 1281 1554; x_wconf 81' lang='grc' dir='ltr'>ἐπὶ</span> 
     </span>
     <span class='ocr_line' id='line_1_10' title="bbox 212 1597 1281 1683; baseline -0.001 -21"><span class='ocrx_word' id='word_1_61' title='bbox 212 1598 340 1662; x_wconf 85' lang='grc' dir='ltr'><strong><em>Νίκωνι</em></strong></span> <span class='ocrx_word' id='word_1_62' title='bbox 372 1599 408 1663; x_wconf 89' lang='lat' dir='ltr'>et</span> <span class='ocrx_word' id='word_1_63' title='bbox 437 1597 502 1662; x_wconf 93' lang='lat' dir='ltr'>hoc</span> <span class='ocrx_word' id='word_1_64' title='bbox 533 1618 616 1663; x_wconf 90' lang='lat' dir='ltr'>sane</span> <span class='ocrx_word' id='word_1_65' title='bbox 648 1618 708 1683; x_wconf 86' lang='lat' dir='ltr'>per</span> <span class='ocrx_word' id='word_1_66' title='bbox 739 1599 965 1664; x_wconf 86' lang='lat' dir='ltr'>coniecturam</span> <span class='ocrx_word' id='word_1_67' title='bbox 987 1598 1182 1664; x_wconf 87' lang='lat' dir='ltr'>restitutum</span> <span class='ocrx_word' id='word_1_68' title='bbox 1205 1617 1281 1663; x_wconf 88' lang='lat' dir='ltr'>esse</span> 
     </span>
     <span class='ocr_line' id='line_1_11' title="bbox 212 1703 1282 1791; baseline 0.002 -22"><span class='ocrx_word' id='word_1_69' title='bbox 212 1705 336 1790; x_wconf 85' lang='lat' dir='ltr'>potest,</span> <span class='ocrx_word' id='word_1_70' title='bbox 373 1703 432 1770; x_wconf 92' lang='lat' dir='ltr'>sed</span> <span class='ocrx_word' id='word_1_71' title='bbox 468 1724 544 1770; x_wconf 92' lang='lat' dir='ltr'>oum</span> <span class='ocrx_word' id='word_1_72' title='bbox 579 1705 661 1770; x_wconf 92' lang='lat' dir='ltr'>nihil</span> <span class='ocrx_word' id='word_1_73' title='bbox 697 1707 801 1786; x_wconf 84' lang='lat' dir='ltr'>esset,</span> <span class='ocrx_word' id='word_1_74' title='bbox 842 1726 900 1770; x_wconf 91' lang='lat' dir='ltr'>cur</span> <span class='ocrx_word' id='word_1_75' title='bbox 933 1704 1135 1774; x_wconf 90' lang='lat' dir='ltr'>vocabulum</span> <span class='ocrx_word' id='word_1_76' title='bbox 1168 1708 1282 1791; x_wconf 80' lang='grc' dir='ltr'><strong><em>φήμην</em></strong></span> 
     </span>
     <span class='ocr_line' id='line_1_12' title="bbox 213 1809 1282 1896; baseline 0.003 -20"><span class='ocrx_word' id='word_1_77' title='bbox 213 1810 432 1895; x_wconf 85' lang='lat' dir='ltr'>omitteretur,</span> <span class='ocrx_word' id='word_1_78' title='bbox 465 1809 612 1877; x_wconf 87' lang='lat' dir='ltr'>defuisse</span> <span class='ocrx_word' id='word_1_79' title='bbox 642 1810 677 1876; x_wconf 95' lang='lat' dir='ltr'>id</span> <span class='ocrx_word' id='word_1_80' title='bbox 706 1811 742 1877; x_wconf 90' lang='lat' dir='ltr'>iu</span> <span class='ocrx_word' id='word_1_81' title='bbox 773 1810 894 1895; x_wconf 87' lang='lat' dir='ltr'>codice,</span> <span class='ocrx_word' id='word_1_82' title='bbox 928 1811 985 1896; x_wconf 92' lang='lat' dir='ltr'>qui</span> <span class='ocrx_word' id='word_1_83' title='bbox 1014 1810 1097 1895; x_wconf 85' lang='lat' dir='ltr'>Hag.</span> <span class='ocrx_word' id='word_1_84' title='bbox 1127 1810 1282 1879; x_wconf 86' lang='lat' dir='ltr'>editionis</span> 
     </span>
     <span class='ocr_line' id='line_1_13' title="bbox 213 1916 1282 2004; baseline 0.003 -22"><span class='ocrx_word' id='word_1_85' title='bbox 213 1916 291 1982; x_wconf 90' lang='lat' dir='ltr'>fons</span> <span class='ocrx_word' id='word_1_86' title='bbox 306 1917 380 2000; x_wconf 85' lang='lat' dir='ltr'>fuit,</span> <span class='ocrx_word' id='word_1_87' title='bbox 397 1916 550 1984; x_wconf 89' lang='lat' dir='ltr'>concludi</span> <span class='ocrx_word' id='word_1_88' title='bbox 565 1920 686 2004; x_wconf 85' lang='lat' dir='ltr'>potest.</span> <span class='ocrx_word' id='word_1_89' title='bbox 720 1917 862 1985; x_wconf 85' lang='lat' dir='ltr'>Rectam</span> <span class='ocrx_word' id='word_1_90' title='bbox 878 1917 1077 2004; x_wconf 86' lang='lat' dir='ltr'>scripturam</span> <span class='ocrx_word' id='word_1_91' title='bbox 1092 1921 1142 1983; x_wconf 80' lang='grc' dir='ltr'>ἐκὶ</span> <span class='ocrx_word' id='word_1_92' title='bbox 1156 1920 1282 1985; x_wconf 84' lang='grc' dir='ltr'><strong><em>Νίκωνι</em></strong></span> 
     </span>
     <span class='ocr_line' id='line_1_14' title="bbox 213 2023 1283 2111; baseline 0.002 -21"><span class='ocrx_word' id='word_1_93' title='bbox 213 2027 326 2109; x_wconf 84' lang='grc' dir='ltr'><strong><em>φήμην</em></strong></span> <span class='ocrx_word' id='word_1_94' title='bbox 348 2024 512 2111; x_wconf 78' lang='lat' dir='ltr'>praebent</span> <span class='ocrx_word' id='word_1_95' title='bbox 534 2025 622 2090; x_wconf 86' lang='lat' dir='ltr'>Plut.</span> <span class='ocrx_word' id='word_1_96' title='bbox 637 2024 733 2091; x_wconf 88' lang='lat' dir='ltr'>Prov.</span> <span class='ocrx_word' id='word_1_97' title='bbox 749 2025 844 2090; x_wconf 85' lang='lat' dir='ltr'>Alex.</span> <span class='ocrx_word' id='word_1_98' title='bbox 861 2025 916 2107; x_wconf 87' lang='lat'>1,1</span> <span class='ocrx_word' id='word_1_99' title='bbox 943 2031 978 2090; x_wconf 90' lang='lat' dir='ltr'>et</span> <span class='ocrx_word' id='word_1_100' title='bbox 994 2023 1122 2092; x_wconf 89' lang='lat' dir='ltr'>codices</span> <span class='ocrx_word' id='word_1_101' title='bbox 1138 2025 1218 2111; x_wconf 85' lang='lat' dir='ltr'>PH,</span> <span class='ocrx_word' id='word_1_102' title='bbox 1243 2029 1283 2092; x_wconf 94' lang='lat' dir='ltr'>ut</span> 
     </span>
     <span class='ocr_line' id='line_1_15' title="bbox 214 2129 1283 2218; baseline 0 -21"><span class='ocrx_word' id='word_1_103' title='bbox 214 2129 393 2197; x_wconf 88' lang='lat' dir='ltr'>Gaisfordii</span> <span class='ocrx_word' id='word_1_104' title='bbox 416 2130 635 2198; x_wconf 78' lang='lat' dir='ltr'>adnotatione</span> <span class='ocrx_word' id='word_1_105' title='bbox 659 2131 825 2214; x_wconf 85' lang='lat' dir='ltr'>docemur,</span> <span class='ocrx_word' id='word_1_106' title='bbox 850 2131 907 2218; x_wconf 93' lang='lat' dir='ltr'>qui</span> <span class='ocrx_word' id='word_1_107' title='bbox 923 2131 1017 2198; x_wconf 87' lang='lat' dir='ltr'>dicit:</span> <span class='ocrx_word' id='word_1_108' title='bbox 1041 2136 1154 2217; x_wconf 81' lang='grc' dir='ltr'><strong><em>φήμην</em></strong></span> <span class='ocrx_word' id='word_1_109' title='bbox 1170 2132 1283 2198; x_wconf 91' lang='lat' dir='ltr'>addidi</span> 
     </span>
     <span class='ocr_line' id='line_1_16' title="bbox 214 2237 357 2304; baseline -0.007 0"><span class='ocrx_word' id='word_1_110' title='bbox 214 2259 256 2304; x_wconf 87' lang='lat' dir='ltr'>ex</span> <span class='ocrx_word' id='word_1_111' title='bbox 278 2237 357 2303; x_wconf 89' lang='grc' dir='ltr'>ΡΗ.</span> 
     </span>
    </p>

    <p class='ocr_par' dir='ltr' id='par_1_6' title="bbox 212 2344 1283 2645">
     <span class='ocr_line' id='line_1_17' title="bbox 303 2344 1283 2429; baseline 0.002 -21"><span class='ocrx_word' id='word_1_112' title='bbox 303 2344 397 2412; x_wconf 86' lang='lat' dir='ltr'>Vitia</span> <span class='ocrx_word' id='word_1_113' title='bbox 431 2346 467 2411; x_wconf 91' lang='lat' dir='ltr'>iu</span> <span class='ocrx_word' id='word_1_114' title='bbox 502 2344 648 2411; x_wconf 92' lang='lat' dir='ltr'>editione</span> <span class='ocrx_word' id='word_1_115' title='bbox 679 2344 898 2429; x_wconf 86' lang='lat' dir='ltr'>Haganoensi</span> <span class='ocrx_word' id='word_1_116' title='bbox 928 2346 1035 2412; x_wconf 87' lang='lat' dir='ltr'>rarius</span> <span class='ocrx_word' id='word_1_117' title='bbox 1066 2346 1283 2412; x_wconf 88' lang='lat' dir='ltr'>inveniuntur</span> 
     </span>
     <span class='ocr_line' id='line_1_18' title="bbox 213 2451 1283 2539; baseline 0.001 -21"><span class='ocrx_word' id='word_1_118' title='bbox 213 2473 276 2520; x_wconf 89' lang='lat' dir='ltr'>uec</span> <span class='ocrx_word' id='word_1_119' title='bbox 297 2455 413 2518; x_wconf 88' lang='lat' dir='ltr'>tamen</span> <span class='ocrx_word' id='word_1_120' title='bbox 437 2451 480 2518; x_wconf 88' lang='lat' dir='ltr'>ab</span> <span class='ocrx_word' id='word_1_121' title='bbox 502 2472 543 2519; x_wconf 87' lang='lat' dir='ltr'>oa</span> <span class='ocrx_word' id='word_1_122' title='bbox 557 2473 692 2539; x_wconf 89' lang='lat' dir='ltr'>prorsus</span> <span class='ocrx_word' id='word_1_123' title='bbox 709 2451 821 2519; x_wconf 86' lang='lat' dir='ltr'>ahena</span> <span class='ocrx_word' id='word_1_124' title='bbox 837 2456 926 2521; x_wconf 91' lang='lat' dir='ltr'>sunt.</span> <span class='ocrx_word' id='word_1_125' title='bbox 964 2453 1014 2519; x_wconf 84' lang='lat' dir='ltr'>En</span> <span class='ocrx_word' id='word_1_126' title='bbox 1030 2453 1136 2519; x_wconf 89' lang='lat' dir='ltr'>habes</span> <span class='ocrx_word' id='word_1_127' title='bbox 1151 2456 1283 2539; x_wconf 89' lang='lat' dir='ltr'>praeter</span> 
     </span>
     <span class='ocr_line' id='line_1_19' title="bbox 212 2558 1029 2645; baseline -0.001 -20"><span class='ocrx_word' id='word_1_128' title='bbox 212 2558 293 2625; x_wconf 92' lang='lat' dir='ltr'>illud</span> <span class='ocrx_word' id='word_1_129' title='bbox 318 2563 471 2644; x_wconf 71' lang='grc' dir='ltr'><strong><em>εὐμερῶς,</em></strong></span> <span class='ocrx_word' id='word_1_130' title='bbox 497 2558 537 2626; x_wconf 91' lang='lat' dir='ltr'>de</span> <span class='ocrx_word' id='word_1_131' title='bbox 562 2561 718 2645; x_wconf 90' lang='lat' dir='ltr'>quoiam</span> <span class='ocrx_word' id='word_1_132' title='bbox 742 2562 845 2625; x_wconf 87' lang='lat' dir='ltr'>antea</span> <span class='ocrx_word' id='word_1_133' title='bbox 869 2558 1029 2624; x_wconf 88' lang='lat' dir='ltr'>diximus:</span> 
     </span>
    </p>

    <p class='ocr_par' dir='ltr' id='par_1_7' title="bbox 343 2666 1153 2964">
     <span class='ocr_line' id='line_1_20' title="bbox 556 2666 1053 2749; baseline -0.004 -17"><span class='ocrx_word' id='word_1_134' title='bbox 556 2666 640 2749; x_wconf 85' lang='lat' dir='ltr'>Hag.</span> <span class='ocrx_word' id='word_1_135' title='bbox 967 2666 1053 2733; x_wconf 88' lang='lat' dir='ltr'>lunt.</span> 
     </span>
     <span class='ocr_line' id='line_1_21' title="bbox 343 2771 1153 2857; baseline 0 -19"><span class='ocrx_word' id='word_1_136' title='bbox 343 2771 388 2838; x_wconf 89' lang='lat' dir='ltr'>IV</span> <span class='ocrx_word' id='word_1_137' title='bbox 405 2772 448 2838; x_wconf 83' lang='grc'>92</span> <span class='ocrx_word' id='word_1_138' title='bbox 471 2774 535 2838; x_wconf 81' lang='grc' dir='ltr'>ὑπὸ</span> <span class='ocrx_word' id='word_1_139' title='bbox 559 2773 621 2857; x_wconf 83' lang='grc' dir='ltr'>γὰρ</span> <span class='ocrx_word' id='word_1_140' title='bbox 644 2776 746 2857; x_wconf 81' lang='grc' dir='ltr'><strong><em>τούτῳ</em></strong></span> <span class='ocrx_word' id='word_1_141' title='bbox 869 2773 934 2837; x_wconf 79' lang='grc' dir='ltr'>ὑπὸ</span> <span class='ocrx_word' id='word_1_142' title='bbox 958 2774 1018 2857; x_wconf 82' lang='grc' dir='ltr'>γὰρ</span> <span class='ocrx_word' id='word_1_143' title='bbox 1041 2776 1153 2838; x_wconf 83' lang='grc' dir='ltr'><strong>τούτου</strong></span> 
     </span>
     <span class='ocr_line' id='line_1_22' title="bbox 358 2879 996 2964; baseline 0.006 -21"><span class='ocrx_word' id='word_1_144' title='bbox 358 2879 389 2943; x_wconf 93' lang='lat' dir='ltr'>V</span> <span class='ocrx_word' id='word_1_145' title='bbox 406 2879 448 2946; x_wconf 85' lang='lat'>33</span> <span class='ocrx_word' id='word_1_146' title='bbox 473 2882 608 2964; x_wconf 79' lang='grc' dir='ltr'><strong><em>ἐπλήξας</em></strong></span> <span class='ocrx_word' id='word_1_147' title='bbox 867 2882 996 2964; x_wconf 76' lang='grc' dir='ltr'><strong><em>πλήξας.</em></strong></span> 
     </span>
    </p>

    <p class='ocr_par' dir='ltr' id='par_1_8' title="bbox 302 2985 1283 3070">
     <span class='ocr_line' id='line_1_23' title="bbox 302 2985 1283 3070; baseline 0.003 -20"><span class='ocrx_word' id='word_1_148' title='bbox 302 2985 446 3051; x_wconf 80' lang='lat' dir='ltr'>Faciunt</span> <span class='ocrx_word' id='word_1_149' title='bbox 474 2988 588 3052; x_wconf 89' lang='lat' dir='ltr'>autem</span> <span class='ocrx_word' id='word_1_150' title='bbox 611 2987 695 3053; x_wconf 89' lang='lat' dir='ltr'>haec</span> <span class='ocrx_word' id='word_1_151' title='bbox 718 2987 803 3053; x_wconf 84' lang='lat' dir='ltr'>vitia</span> <span class='ocrx_word' id='word_1_152' title='bbox 825 2986 928 3052; x_wconf 90' lang='lat' dir='ltr'>fidem</span> <span class='ocrx_word' id='word_1_153' title='bbox 951 2988 1080 3070; x_wconf 84' lang='lat' dir='ltr'>Hagan.</span> <span class='ocrx_word' id='word_1_154' title='bbox 1104 2987 1283 3055; x_wconf 89' lang='lat' dir='ltr'>editionem</span> 
     </span>
    </p>

    <p class='ocr_par' dir='ltr' id='par_1_9' title="bbox 214 3091 1118 3179">
     <span class='ocr_line' id='line_1_24' title="bbox 214 3091 1118 3179; baseline 0.003 -22"><span class='ocrx_word' id='word_1_155' title='bbox 214 3091 335 3158; x_wconf 89' lang='lat' dir='ltr'>codicis</span> <span class='ocrx_word' id='word_1_156' title='bbox 359 3092 534 3158; x_wconf 91' lang='lat' dir='ltr'>cuiusdam</span> <span class='ocrx_word' id='word_1_157' title='bbox 556 3093 735 3177; x_wconf 82' lang='lat' dir='ltr'>imaginem</span> <span class='ocrx_word' id='word_1_158' title='bbox 758 3092 904 3159; x_wconf 88' lang='lat' dir='ltr'>fideliter</span> <span class='ocrx_word' id='word_1_159' title='bbox 927 3095 1118 3179; x_wconf 85' lang='lat' dir='ltr'>exprimere.</span> 
     </span>
    </p>
   </div>
   <div class='ocr_carea' id='block_1_4' title="bbox 213 3306 1284 4248">
    <p class='ocr_par' dir='ltr' id='par_1_10' title="bbox 213 3306 1284 4248">
     <span class='ocr_line' id='line_1_25' title="bbox 303 3306 1283 3394; baseline 0.001 -23"><span class='ocrx_word' id='word_1_160' title='bbox 303 3306 377 3372; x_wconf 89' lang='lat' dir='ltr'>Hae</span> <span class='ocrx_word' id='word_1_161' title='bbox 401 3306 612 3373; x_wconf 79' lang='lat' dir='ltr'>differentiae</span> <span class='ocrx_word' id='word_1_162' title='bbox 636 3327 752 3373; x_wconf 91' lang='lat' dir='ltr'>omnes</span> <span class='ocrx_word' id='word_1_163' title='bbox 776 3310 867 3389; x_wconf 87' lang='lat' dir='ltr'>sunt,</span> <span class='ocrx_word' id='word_1_164' title='bbox 892 3327 980 3394; x_wconf 88' lang='lat' dir='ltr'>quae</span> <span class='ocrx_word' id='word_1_165' title='bbox 1002 3306 1056 3371; x_wconf 93' lang='lat' dir='ltr'>his</span> <span class='ocrx_word' id='word_1_166' title='bbox 1080 3306 1283 3373; x_wconf 89' lang='lat' dir='ltr'>editionibus</span> 
     </span>
     <span class='ocr_line' id='line_1_26' title="bbox 214 3412 1282 3506; baseline 0.001 -28"><span class='ocrx_word' id='word_1_167' title='bbox 214 3414 301 3479; x_wconf 89' lang='lat' dir='ltr'>inter</span> <span class='ocrx_word' id='word_1_168' title='bbox 332 3433 368 3478; x_wconf 90' lang='lat' dir='ltr'>sc</span> <span class='ocrx_word' id='word_1_169' title='bbox 400 3413 602 3506; x_wconf 83' lang='lat' dir='ltr'>comparatis</span> <span class='ocrx_word' id='word_1_170' title='bbox 634 3417 778 3499; x_wconf 89' lang='lat' dir='ltr'>possunt</span> <span class='ocrx_word' id='word_1_171' title='bbox 802 3412 1031 3479; x_wconf 84' lang='lat' dir='ltr'>demonstrari</span> <span class='ocrx_word' id='word_1_172' title='bbox 1078 3412 1168 3478; x_wconf 86' lang='lat' dir='ltr'>Satis</span> <span class='ocrx_word' id='word_1_173' title='bbox 1193 3415 1282 3479; x_wconf 87' lang='lat' dir='ltr'>certo</span> 
     </span>
     <span class='ocr_line' id='line_1_27' title="bbox 215 3517 1282 3606; baseline 0 -20"><span class='ocrx_word' id='word_1_174' title='bbox 215 3525 330 3586; x_wconf 86' lang='lat' dir='ltr'>tamen</span> <span class='ocrx_word' id='word_1_175' title='bbox 358 3520 503 3606; x_wconf 90' lang='lat' dir='ltr'>probant</span> <span class='ocrx_word' id='word_1_176' title='bbox 533 3518 713 3586; x_wconf 87' lang='lat' dir='ltr'>Gaisfordii</span> <span class='ocrx_word' id='word_1_177' title='bbox 745 3519 951 3586; x_wconf 85' lang='lat' dir='ltr'>seutentiam</span> <span class='ocrx_word' id='word_1_178' title='bbox 973 3517 1175 3586; x_wconf 87' lang='lat' dir='ltr'>reiciendam</span> <span class='ocrx_word' id='word_1_179' title='bbox 1198 3541 1282 3603; x_wconf 87' lang='lat' dir='ltr'>esse,</span> 
     </span>
     <span class='ocr_line' id='line_1_28' title="bbox 216 3626 1282 3713; baseline 0.002 -23"><span class='ocrx_word' id='word_1_180' title='bbox 216 3626 271 3712; x_wconf 90' lang='lat' dir='ltr'>qui</span> <span class='ocrx_word' id='word_1_181' title='bbox 294 3626 429 3712; x_wconf 89' lang='lat' dir='ltr'>putavit</span> <span class='ocrx_word' id='word_1_182' title='bbox 444 3626 575 3709; x_wconf 82' lang='lat' dir='ltr'>Hagen.</span> <span class='ocrx_word' id='word_1_183' title='bbox 599 3626 781 3693; x_wconf 86' lang='lat' dir='ltr'>editionem</span> <span class='ocrx_word' id='word_1_184' title='bbox 804 3626 977 3693; x_wconf 87' lang='lat' dir='ltr'>aluntina</span> <span class='ocrx_word' id='word_1_185' title='bbox 992 3626 1144 3713; x_wconf 87' lang='lat' dir='ltr'>pendere.</span> <span class='ocrx_word' id='word_1_186' title='bbox 1180 3626 1282 3692; x_wconf 93' lang='lat' dir='ltr'>Immo</span> 
     </span>
     <span class='ocr_line' id='line_1_29' title="bbox 213 3731 1283 3820; baseline 0.001 -22"><span class='ocrx_word' id='word_1_187' title='bbox 213 3754 293 3799; x_wconf 89' lang='lat' dir='ltr'>vero</span> <span class='ocrx_word' id='word_1_188' title='bbox 323 3732 416 3799; x_wconf 92' lang='lat' dir='ltr'>illam</span> <span class='ocrx_word' id='word_1_189' title='bbox 447 3755 489 3799; x_wconf 86' lang='lat' dir='ltr'>ex</span> <span class='ocrx_word' id='word_1_190' title='bbox 519 3734 649 3820; x_wconf 90' lang='lat' dir='ltr'>proprio</span> <span class='ocrx_word' id='word_1_191' title='bbox 678 3733 819 3799; x_wconf 88' lang='lat' dir='ltr'>fluxisse</span> <span class='ocrx_word' id='word_1_192' title='bbox 843 3732 955 3799; x_wconf 88' lang='lat' dir='ltr'>codice</span> <span class='ocrx_word' id='word_1_193' title='bbox 978 3731 1141 3798; x_wconf 87' lang='lat' dir='ltr'>affirmari</span> <span class='ocrx_word' id='word_1_194' title='bbox 1163 3736 1283 3820; x_wconf 81' lang='lat' dir='ltr'>potest,</span> 
     </span>
     <span class='ocr_line' id='line_1_30' title="bbox 215 3840 1284 3927; baseline 0 -21"><span class='ocrx_word' id='word_1_195' title='bbox 215 3841 309 3906; x_wconf 90' lang='lat' dir='ltr'>cuius</span> <span class='ocrx_word' id='word_1_196' title='bbox 342 3841 549 3927; x_wconf 87' lang='lat' dir='ltr'>archetypon</span> <span class='ocrx_word' id='word_1_197' title='bbox 579 3842 610 3907; x_wconf 89' lang='lat' dir='ltr'>ei</span> <span class='ocrx_word' id='word_1_198' title='bbox 643 3862 719 3907; x_wconf 92' lang='lat' dir='ltr'>oum</span> <span class='ocrx_word' id='word_1_199' title='bbox 750 3841 887 3906; x_wconf 86' lang='lat' dir='ltr'>Iuntina</span> <span class='ocrx_word' id='word_1_200' title='bbox 917 3861 1092 3906; x_wconf 87' lang='lat' dir='ltr'>commune</span> <span class='ocrx_word' id='word_1_201' title='bbox 1122 3840 1194 3906; x_wconf 91' lang='lat' dir='ltr'>fuit.</span> <span class='ocrx_word' id='word_1_202' title='bbox 1247 3840 1284 3906; x_wconf 95' lang='lat' dir='ltr'>Id</span> 
     </span>
     <span class='ocr_line' id='line_1_31' title="bbox 215 3945 1284 4034; baseline 0.001 -23"><span class='ocrx_word' id='word_1_203' title='bbox 215 3945 305 4033; x_wconf 92' lang='lat' dir='ltr'>quod</span> <span class='ocrx_word' id='word_1_204' title='bbox 328 3968 367 4014; x_wconf 92' lang='lat' dir='ltr'>eo</span> <span class='ocrx_word' id='word_1_205' title='bbox 384 3950 491 4031; x_wconf 80' lang='lat' dir='ltr'>magis</span> <span class='ocrx_word' id='word_1_206' title='bbox 507 3947 604 4013; x_wconf 88' lang='lat' dir='ltr'>nobis</span> <span class='ocrx_word' id='word_1_207' title='bbox 619 3948 849 4033; x_wconf 86' lang='lat' dir='ltr'>persuadetur,</span> <span class='ocrx_word' id='word_1_208' title='bbox 875 3945 963 4033; x_wconf 93' lang='lat' dir='ltr'>quod</span> <span class='ocrx_word' id='word_1_209' title='bbox 979 3946 1202 4033; x_wconf 87' lang='lat' dir='ltr'>Obsopoeum‚</span> <span class='ocrx_word' id='word_1_210' title='bbox 1227 3947 1284 4034; x_wconf 91' lang='lat' dir='ltr'>qui</span> 
     </span>
     <span class='ocr_line' id='line_1_32' title="bbox 214 4052 1283 4141; baseline -0.001 -22"><span class='ocrx_word' id='word_1_211' title='bbox 214 4054 305 4120; x_wconf 91' lang='lat' dir='ltr'>hunc</span> <span class='ocrx_word' id='word_1_212' title='bbox 326 4052 448 4120; x_wconf 89' lang='lat' dir='ltr'>librum</span> <span class='ocrx_word' id='word_1_213' title='bbox 472 4053 584 4139; x_wconf 85' lang='lat' dir='ltr'>edidit,</span> <span class='ocrx_word' id='word_1_214' title='bbox 609 4053 793 4141; x_wconf 87' lang='lat' dir='ltr'>permultos</span> <span class='ocrx_word' id='word_1_215' title='bbox 817 4058 948 4120; x_wconf 87' lang='lat' dir='ltr'>veteres</span> <span class='ocrx_word' id='word_1_216' title='bbox 973 4053 1102 4121; x_wconf 87' lang='lat' dir='ltr'>codices</span> <span class='ocrx_word' id='word_1_217' title='bbox 1126 4053 1283 4140; x_wconf 85' lang='lat' dir='ltr'>operariis</span> 
     </span>
     <span class='ocr_line' id='line_1_33' title="bbox 216 4159 1284 4248; baseline -0.002 -22"><span class='ocrx_word' id='word_1_218' title='bbox 216 4161 420 4227; x_wconf 89' lang='lat' dir='ltr'>commisisse</span> <span class='ocrx_word' id='word_1_219' title='bbox 444 4163 578 4227; x_wconf 89' lang='lat' dir='ltr'>constat</span> <span class='ocrx_word' id='word_1_220' title='bbox 601 4159 654 4247; x_wconf 89' lang='lat' dir='ltr'>(of.</span> <span class='ocrx_word' id='word_1_221' title='bbox 679 4160 881 4227; x_wconf 87' lang='lat' dir='ltr'>Simonsfeld</span> <span class='ocrx_word' id='word_1_222' title='bbox 903 4161 923 4226; x_wconf 95' lang='lat' dir='ltr'>l.</span> <span class='ocrx_word' id='word_1_223' title='bbox 947 4182 972 4226; x_wconf 91' lang='lat' dir='ltr'>s.</span> <span class='ocrx_word' id='word_1_224' title='bbox 995 4182 1025 4246; x_wconf 94' lang='lat' dir='ltr'>p.</span> <span class='ocrx_word' id='word_1_225' title='bbox 1043 4160 1130 4248; x_wconf 80' lang='lat'>545).</span> <span class='ocrx_word' id='word_1_226' title='bbox 1168 4159 1284 4226; x_wconf 84' lang='lat' dir='ltr'>Fuisse</span> 
     </span>
    </p>
   </div>
   <div class='ocr_carea' id='block_1_5' title="bbox 0 0 1619 5025">
    <p class='ocr_par' dir='ltr' id='par_1_11' title="bbox 0 0 1619 5025">
     <span class='ocr_line' id='line_1_34' title="bbox 0 0 1619 5025; baseline 0 0"><span class='ocrx_word' id='word_1_227' title='bbox 0 0 1619 5025; x_wconf 95' lang='lat' dir='ltr'> </span> 
     </span>
    </p>
   </div>
  </div>
 </body>
</html>
