<?xml version="1.0" encoding="UTF-8"?>
<!DOCTYPE html PUBLIC "-//W3C//DTD XHTML 1.0 Transitional//EN"
    "http://www.w3.org/TR/xhtml1/DTD/xhtml1-transitional.dtd">
<html xmlns="http://www.w3.org/1999/xhtml" xml:lang="en" lang="en">
 <head>
  <title>
</title>
<meta http-equiv="Content-Type" content="text/html;charset=utf-8" />
  <meta name='ocr-system' content='tesseract 3.04.00' />
  <meta name='ocr-capabilities' content='ocr_page ocr_carea ocr_par ocr_line ocrx_word'/>
</head>
<body>
  <div class='ocr_page' id='page_1' title='image "./quaestionesparo00petzgoog_0025.png"; bbox 0 0 3217 5025; ppageno 0'>
   <div class='ocr_carea' id='block_1_1' title="bbox 621 588 845 655">
    <p class='ocr_par' dir='ltr' id='par_1_1' title="bbox 621 588 845 655">
     <span class='ocr_line' id='line_1_1' title="bbox 621 588 845 655; baseline 0 -19"><span class='ocrx_word' id='word_1_1' title='bbox 621 588 845 655; x_wconf 69' lang='lat'><strong>..19-„</strong></span> 
     </span>
    </p>
   </div>
   <div class='ocr_carea' id='block_1_2' title="bbox 195 767 1269 960">
    <p class='ocr_par' dir='ltr' id='par_1_2' title="bbox 195 767 1269 960">
     <span class='ocr_line' id='line_1_2' title="bbox 195 767 1269 852; baseline 0.003 -21"><span class='ocrx_word' id='word_1_2' title='bbox 195 774 262 831; x_wconf 82' lang='grc' dir='ltr'><em>τῶν</em></span> <span class='ocrx_word' id='word_1_3' title='bbox 290 767 412 850; x_wconf 80' lang='grc' dir='ltr'><em>μικρὰν</em></span> <span class='ocrx_word' id='word_1_4' title='bbox 432 768 594 832; x_wconf 80' lang='grc' dir='ltr'><strong><em>παίδευσιν</em></strong></span> <span class='ocrx_word' id='word_1_5' title='bbox 623 768 771 850; x_wconf 74' lang='grc' dir='ltr'><em>ἐχόντων,</em></span> <span class='ocrx_word' id='word_1_6' title='bbox 801 768 890 851; x_wconf 82' lang='grc' dir='ltr'><em>παρὰ</em></span> <span class='ocrx_word' id='word_1_7' title='bbox 914 768 950 832; x_wconf 72' lang='lat' dir='ltr'><strong>&lt;te</strong></span> <span class='ocrx_word' id='word_1_8' title='bbox 971 775 1036 839; x_wconf 87' lang='grc' dir='ltr'><em>τοῖς</em></span> <span class='ocrx_word' id='word_1_9' title='bbox 1058 770 1197 852; x_wconf 86' lang='grc' dir='ltr'><em>ἀμαθέσι</em></span> <span class='ocrx_word' id='word_1_10' title='bbox 1219 795 1269 834; x_wconf 87' lang='grc' dir='ltr'><strong>τε·</strong></span> 
     </span>
     <span class='ocr_line' id='line_1_3' title="bbox 196 872 1268 960; baseline 0.004 -22"><span class='ocrx_word' id='word_1_11' title='bbox 196 875 291 938; x_wconf 82' lang='grc' dir='ltr'><em>λείων</em></span> <span class='ocrx_word' id='word_1_12' title='bbox 313 876 526 957; x_wconf 87' lang='grc' dir='ltr'><em>φαινομένων.</em></span> <span class='ocrx_word' id='word_1_13' title='bbox 572 873 769 959; x_wconf 86' lang='lat' dir='ltr'><strong>Apostolins</strong></span> <span class='ocrx_word' id='word_1_14' title='bbox 791 877 853 938; x_wconf 82' lang='lat' dir='ltr'><strong>eut</strong></span> <span class='ocrx_word' id='word_1_15' title='bbox 867 872 907 954; x_wconf 82' lang='lat' dir='ltr'><strong>ie,</strong></span> <span class='ocrx_word' id='word_1_16' title='bbox 933 895 1031 960; x_wconf 86' lang='lat' dir='ltr'><strong>quem</strong></span> <span class='ocrx_word' id='word_1_17' title='bbox 1053 879 1191 941; x_wconf 81' lang='lat' dir='ltr'><strong>secutus</strong></span> <span class='ocrx_word' id='word_1_18' title='bbox 1206 880 1268 958; x_wconf 81' lang='lat' dir='ltr'><strong>est,</strong></span> 
     </span>
    </p>
   </div>
   <div class='ocr_carea' id='block_1_3' title="bbox 197 977 1271 1173">
    <p class='ocr_par' dir='ltr' id='par_1_3' title="bbox 197 977 1271 1173">
     <span class='ocr_line' id='line_1_4' title="bbox 197 977 1270 1065; baseline 0.003 -20"><span class='ocrx_word' id='word_1_19' title='bbox 197 980 261 1045; x_wconf 86' lang='lat' dir='ltr'><strong>hoc</strong></span> <span class='ocrx_word' id='word_1_20' title='bbox 283 978 494 1065; x_wconf 83' lang='lat' dir='ltr'><strong>proverbium</strong></span> <span class='ocrx_word' id='word_1_21' title='bbox 518 977 607 1046; x_wconf 84' lang='lat' dir='ltr'><strong>male</strong></span> <span class='ocrx_word' id='word_1_22' title='bbox 629 978 836 1046; x_wconf 77' lang='lat' dir='ltr'><strong>intellexisse</strong></span> <span class='ocrx_word' id='word_1_23' title='bbox 857 979 998 1046; x_wconf 86' lang='lat' dir='ltr'><strong>videtur.</strong></span> <span class='ocrx_word' id='word_1_24' title='bbox 1037 981 1124 1046; x_wconf 83' lang='lat' dir='ltr'><strong>Nem</strong></span> <span class='ocrx_word' id='word_1_25' title='bbox 1139 983 1270 1065; x_wconf 80' lang='grc' dir='ltr'><em>Δάμων</em></span> 
     </span>
     <span class='ocr_line' id='line_1_5' title="bbox 197 1084 1271 1173; baseline 0.001 -21"><span class='ocrx_word' id='word_1_26' title='bbox 197 1106 320 1152; x_wconf 90' lang='lat' dir='ltr'><strong>nomen</strong></span> <span class='ocrx_word' id='word_1_27' title='bbox 351 1084 525 1151; x_wconf 80' lang='lat' dir='ltr'><strong>cuiusdam</strong></span> <span class='ocrx_word' id='word_1_28' title='bbox 557 1086 702 1152; x_wconf 84' lang='lat' dir='ltr'><strong>hominis</strong></span> <span class='ocrx_word' id='word_1_29' title='bbox 733 1106 809 1152; x_wconf 84' lang='lat' dir='ltr'><strong>esse</strong></span> <span class='ocrx_word' id='word_1_30' title='bbox 840 1086 990 1173; x_wconf 88' lang='lat' dir='ltr'><strong>credidit,</strong></span> <span class='ocrx_word' id='word_1_31' title='bbox 1020 1091 1062 1154; x_wconf 89' lang='lat' dir='ltr'><strong>ut</strong></span> <span class='ocrx_word' id='word_1_32' title='bbox 1092 1109 1135 1153; x_wconf 85' lang='lat' dir='ltr'><strong>ex</strong></span> <span class='ocrx_word' id='word_1_33' title='bbox 1157 1089 1271 1155; x_wconf 82' lang='lat' dir='ltr'><strong>verbis</strong></span> 
     </span>
    </p>
   </div>
   <div class='ocr_carea' id='block_1_4' title="bbox 197 1193 1270 1388">
    <p class='ocr_par' dir='ltr' id='par_1_4' title="bbox 197 1193 1270 1388">
     <span class='ocr_line' id='line_1_6' title="bbox 198 1193 1269 1278; baseline 0 -18"><span class='ocrx_word' id='word_1_34' title='bbox 198 1193 337 1260; x_wconf 84' lang='lat' dir='ltr'><strong>adiectis</strong></span> <span class='ocrx_word' id='word_1_35' title='bbox 353 1194 593 1277; x_wconf 65' lang='grc' dir='ltr'><em>ἑτερόφθαλμος</em></span> <span class='ocrx_word' id='word_1_36' title='bbox 610 1195 671 1278; x_wconf 77' lang='grc' dir='ltr'><em>γὰρ</em></span> <span class='ocrx_word' id='word_1_37' title='bbox 683 1194 723 1277; x_wconf 79' lang='grc' dir='ltr'><em>ἦν</em></span> <span class='ocrx_word' id='word_1_38' title='bbox 734 1193 953 1259; x_wconf 78' lang='lat' dir='ltr'><strong>menifestum</strong></span> <span class='ocrx_word' id='word_1_39' title='bbox 966 1198 1027 1261; x_wconf 89' lang='lat' dir='ltr'><strong>est.</strong></span> <span class='ocrx_word' id='word_1_40' title='bbox 1051 1193 1116 1260; x_wconf 83' lang='lat' dir='ltr'><strong>Sed</strong></span> <span class='ocrx_word' id='word_1_41' title='bbox 1130 1193 1269 1261; x_wconf 83' lang='lat' dir='ltr'><strong>dubium</strong></span> 
     </span>
     <span class='ocr_line' id='line_1_7' title="bbox 197 1298 1270 1388; baseline 0.002 -23"><span class='ocrx_word' id='word_1_42' title='bbox 197 1320 266 1365; x_wconf 90' lang='lat' dir='ltr'><strong>non</strong></span> <span class='ocrx_word' id='word_1_43' title='bbox 297 1302 359 1382; x_wconf 86' lang='lat' dir='ltr'><strong>est,</strong></span> <span class='ocrx_word' id='word_1_44' title='bbox 392 1299 472 1385; x_wconf 89' lang='lat' dir='ltr'><strong>quin</strong></span> <span class='ocrx_word' id='word_1_45' title='bbox 504 1298 715 1365; x_wconf 82' lang='lat' dir='ltr'><strong>scribendum</strong></span> <span class='ocrx_word' id='word_1_46' title='bbox 747 1300 792 1366; x_wconf 87' lang='lat' dir='ltr'><strong>sit</strong></span> <span class='ocrx_word' id='word_1_47' title='bbox 823 1303 958 1383; x_wconf 80' lang='grc' dir='ltr'><em>γλάμων</em></span> <span class='ocrx_word' id='word_1_48' title='bbox 987 1301 1052 1366; x_wconf 85' lang='lat' dir='ltr'><strong>hoe</strong></span> <span class='ocrx_word' id='word_1_49' title='bbox 1082 1304 1136 1367; x_wconf 85' lang='lat' dir='ltr'><strong>cst</strong></span> <span class='ocrx_word' id='word_1_50' title='bbox 1157 1300 1270 1388; x_wconf 86' lang='lat' dir='ltr'>lippus</span> 
     </span>
    </p>
   </div>
   <div class='ocr_carea' id='block_1_5' title="bbox 196 1403 1271 2133">
    <p class='ocr_par' dir='ltr' id='par_1_5' title="bbox 196 1403 1271 2133">
     <span class='ocr_line' id='line_1_8' title="bbox 198 1403 1270 1493; baseline 0.003 -22"><span class='ocrx_word' id='word_1_51' title='bbox 198 1411 234 1472; x_wconf 87' lang='lat' dir='ltr'><strong>et</strong></span> <span class='ocrx_word' id='word_1_52' title='bbox 255 1404 560 1491; x_wconf 82' lang='lat' dir='ltr'><strong>interpretandum:</strong></span> <span class='ocrx_word' id='word_1_53' title='bbox 584 1403 622 1471; x_wconf 90' lang='lat' dir='ltr'><strong>In</strong></span> <span class='ocrx_word' id='word_1_54' title='bbox 639 1427 814 1472; x_wconf 78' lang='lat' dir='ltr'><strong>caecorum</strong></span> <span class='ocrx_word' id='word_1_55' title='bbox 828 1406 911 1472; x_wconf 88' lang='lat' dir='ltr'><strong>locis</strong></span> <span class='ocrx_word' id='word_1_56' title='bbox 926 1406 1037 1493; x_wconf 77' lang='lat' dir='ltr'>lippus</span> <span class='ocrx_word' id='word_1_57' title='bbox 1053 1407 1136 1491; x_wconf 85' lang='lat' dir='ltr'><strong>(non</strong></span> <span class='ocrx_word' id='word_1_58' title='bbox 1150 1407 1270 1474; x_wconf 83' lang='lat' dir='ltr'><strong>luscus</strong></span> 
     </span>
     <span class='ocr_line' id='line_1_9' title="bbox 197 1512 1268 1600; baseline 0.003 -22"><span class='ocrx_word' id='word_1_59' title='bbox 197 1516 237 1578; x_wconf 89' lang='lat' dir='ltr'><strong>nt</strong></span> <span class='ocrx_word' id='word_1_60' title='bbox 259 1515 376 1599; x_wconf 87' lang='lat' dir='ltr'><strong>Apost.</strong></span> <span class='ocrx_word' id='word_1_61' title='bbox 397 1512 497 1600; x_wconf 82' lang='lat' dir='ltr'><strong>dicit)</strong></span> <span class='ocrx_word' id='word_1_62' title='bbox 528 1515 656 1596; x_wconf 80' lang='lat' dir='ltr'><strong>regnat.</strong></span> <span class='ocrx_word' id='word_1_63' title='bbox 701 1512 739 1578; x_wconf 93' lang='lat' dir='ltr'><strong>Id</strong></span> <span class='ocrx_word' id='word_1_64' title='bbox 769 1513 859 1599; x_wconf 87' lang='lat' dir='ltr'><strong>qnod</strong></span> <span class='ocrx_word' id='word_1_65' title='bbox 890 1534 931 1579; x_wconf 87' lang='lat' dir='ltr'><strong>eo</strong></span> <span class='ocrx_word' id='word_1_66' title='bbox 961 1513 1174 1581; x_wconf 78' lang='lat' dir='ltr'><strong>manifestius</strong></span> <span class='ocrx_word' id='word_1_67' title='bbox 1207 1518 1268 1597; x_wconf 82' lang='lat' dir='ltr'><strong>cst,</strong></span> 
     </span>
     <span class='ocr_line' id='line_1_10' title="bbox 198 1618 1268 1707; baseline 0.002 -22"><span class='ocrx_word' id='word_1_68' title='bbox 198 1619 287 1705; x_wconf 84' lang='lat' dir='ltr'><strong>quod</strong></span> <span class='ocrx_word' id='word_1_69' title='bbox 317 1619 353 1684; x_wconf 92' lang='lat' dir='ltr'><strong>in</strong></span> <span class='ocrx_word' id='word_1_70' title='bbox 383 1618 495 1685; x_wconf 85' lang='lat' dir='ltr'><strong>scholi.</strong></span> <span class='ocrx_word' id='word_1_71' title='bbox 526 1619 612 1686; x_wconf 83' lang='lat' dir='ltr'><strong>Vict</strong></span> <span class='ocrx_word' id='word_1_72' title='bbox 640 1619 712 1685; x_wconf 84' lang='lat' dir='ltr'><strong>Did.</strong></span> <span class='ocrx_word' id='word_1_73' title='bbox 745 1618 788 1685; x_wconf 82' lang='lat' dir='ltr'><strong>ad</strong></span> <span class='ocrx_word' id='word_1_74' title='bbox 811 1619 846 1685; x_wconf 90' lang='lat' dir='ltr'><strong>Il.</strong></span> <span class='ocrx_word' id='word_1_75' title='bbox 872 1620 905 1684; x_wconf 82' lang='grc' dir='ltr'><em>Ω</em></span> <span class='ocrx_word' id='word_1_76' title='bbox 929 1620 992 1686; x_wconf 82' lang='grc'><strong>192</strong></span> <span class='ocrx_word' id='word_1_77' title='bbox 1014 1642 1045 1707; x_wconf 88' lang='lat' dir='ltr'><strong>p.</strong></span> <span class='ocrx_word' id='word_1_78' title='bbox 1065 1620 1131 1685; x_wconf 86' lang='grc'><strong>634</strong></span> <span class='ocrx_word' id='word_1_79' title='bbox 1162 1620 1268 1687; x_wconf 75' lang='lat' dir='ltr'><strong>Bekk.</strong></span> 
     </span>
     <span class='ocr_line' id='line_1_11' title="bbox 197 1726 1271 1811; baseline 0.002 -20"><span class='ocrx_word' id='word_1_80' title='bbox 197 1726 333 1809; x_wconf 76' lang='lat' dir='ltr'><strong>legitur:</strong></span> <span class='ocrx_word' id='word_1_81' title='bbox 363 1727 471 1811; x_wconf 83' lang='grc' dir='ltr'><em>Γλήνη</em></span> <span class='ocrx_word' id='word_1_82' title='bbox 501 1728 589 1810; x_wconf 81' lang='grc' dir='ltr'><em>παρὰ</em></span> <span class='ocrx_word' id='word_1_83' title='bbox 619 1728 658 1791; x_wconf 85' lang='grc' dir='ltr'><strong>τὸ</strong></span> <span class='ocrx_word' id='word_1_84' title='bbox 687 1729 861 1810; x_wconf 78' lang='grc' dir='ltr'><em>γλαμυρόν,</em></span> <span class='ocrx_word' id='word_1_85' title='bbox 893 1729 996 1793; x_wconf 76' lang='grc' dir='ltr'><em>ὅέστι</em></span> <span class='ocrx_word' id='word_1_86' title='bbox 1019 1729 1159 1810; x_wconf 78' lang='grc' dir='ltr'><em>όίυγρον,</em></span> <span class='ocrx_word' id='word_1_87' title='bbox 1190 1729 1271 1793; x_wconf 70' lang='grc' dir='ltr'><em>ὅθεν</em></span> 
     </span>
     <span class='ocr_line' id='line_1_12' title="bbox 197 1830 1267 1922; baseline 0 -24"><span class='ocrx_word' id='word_1_88' title='bbox 197 1835 252 1898; x_wconf 80' lang='grc' dir='ltr'><strong>καὶ</strong></span> <span class='ocrx_word' id='word_1_89' title='bbox 271 1835 471 1917; x_wconf 72' lang='grc' dir='ltr'><em>Ἀρχέδημος</em></span> <span class='ocrx_word' id='word_1_90' title='bbox 493 1835 511 1897; x_wconf 88' lang='grc' dir='ltr'><em>ό</em></span> <span class='ocrx_word' id='word_1_91' title='bbox 535 1835 667 1917; x_wconf 79' lang='grc' dir='ltr'><em>γλάμων</em></span> <span class='ocrx_word' id='word_1_92' title='bbox 691 1830 801 1921; x_wconf 75' lang='lat' dir='ltr'><strong>[Arist.</strong></span> <span class='ocrx_word' id='word_1_93' title='bbox 825 1834 909 1899; x_wconf 80' lang='lat' dir='ltr'><strong>Ran.</strong></span> <span class='ocrx_word' id='word_1_94' title='bbox 926 1831 1005 1922; x_wconf 74' lang='lat'><strong>588}</strong></span> <span class='ocrx_word' id='word_1_95' title='bbox 1026 1837 1080 1899; x_wconf 81' lang='grc' dir='ltr'><strong>καί</strong></span> <span class='ocrx_word' id='word_1_96' title='bbox 1102 1837 1267 1918; x_wconf 83' lang='grc' dir='ltr'><em>παροιμία</em></span> 
     </span>
     <span class='ocr_line' id='line_1_13' title="bbox 196 1940 1268 2026; baseline 0 -20"><span class='ocrx_word' id='word_1_97' title='bbox 196 1941 250 2006; x_wconf 84' lang='grc' dir='ltr'><em>Ἐν</em></span> <span class='ocrx_word' id='word_1_98' title='bbox 272 1942 404 2023; x_wconf 84' lang='grc' dir='ltr'><em>τυφλῶν</em></span> <span class='ocrx_word' id='word_1_99' title='bbox 423 1941 517 2004; x_wconf 79' lang='grc' dir='ltr'><em>πόλεΐ</em></span> <span class='ocrx_word' id='word_1_100' title='bbox 528 1941 692 2023; x_wconf 85' lang='grc' dir='ltr'><em>γλαμυρός</em></span> <span class='ocrx_word' id='word_1_101' title='bbox 707 1942 910 2024; x_wconf 71' lang='grc' dir='ltr'><em>ἐμβασιλεύει.</em></span> <span class='ocrx_word' id='word_1_102' title='bbox 949 1940 1040 2005; x_wconf 89' lang='lat' dir='ltr'><strong>Idem</strong></span> <span class='ocrx_word' id='word_1_103' title='bbox 1056 1940 1268 2026; x_wconf 82' lang='lat' dir='ltr'><strong>proverbium</strong></span> 
     </span>
     <span class='ocr_line' id='line_1_14' title="bbox 197 2044 1270 2133; baseline 0 -22"><span class='ocrx_word' id='word_1_104' title='bbox 197 2047 232 2111; x_wconf 91' lang='lat' dir='ltr'><strong>in</strong></span> <span class='ocrx_word' id='word_1_105' title='bbox 255 2046 419 2112; x_wconf 80' lang='lat' dir='ltr'><strong>Planudis</strong></span> <span class='ocrx_word' id='word_1_106' title='bbox 450 2044 645 2113; x_wconf 81' lang='lat' dir='ltr'><strong>collectione</strong></span> <span class='ocrx_word' id='word_1_107' title='bbox 673 2048 763 2113; x_wconf 81' lang='lat' dir='ltr'><strong>inest</strong></span> <span class='ocrx_word' id='word_1_108' title='bbox 785 2068 817 2112; x_wconf 90' lang='lat' dir='ltr'><strong>n.</strong></span> <span class='ocrx_word' id='word_1_109' title='bbox 834 2048 902 2112; x_wconf 79' lang='lat'><strong>255</strong></span> <span class='ocrx_word' id='word_1_110' title='bbox 917 2047 1021 2133; x_wconf 77' lang='lat' dir='ltr'><strong>l253l³</strong></span> <span class='ocrx_word' id='word_1_111' title='bbox 1048 2049 1104 2112; x_wconf 85' lang='grc' dir='ltr'><em>Ἐν</em></span> <span class='ocrx_word' id='word_1_112' title='bbox 1131 2057 1170 2133; x_wconf 83' lang='grc' dir='ltr'><strong>τῇ</strong></span> <span class='ocrx_word' id='word_1_113' title='bbox 1203 2055 1270 2112; x_wconf 75' lang='grc' dir='ltr'><em>τῶν</em></span> 
     </span>
    </p>
   </div>
   <div class='ocr_carea' id='block_1_6' title="bbox 197 2154 1359 2239">
    <p class='ocr_par' dir='ltr' id='par_1_6' title="bbox 197 2154 1359 2239">
     <span class='ocr_line' id='line_1_15' title="bbox 197 2154 1359 2239; baseline 0.002 -22"><span class='ocrx_word' id='word_1_114' title='bbox 197 2155 327 2237; x_wconf 82' lang='grc' dir='ltr'><em>τυφλῶν</em></span> <span class='ocrx_word' id='word_1_115' title='bbox 359 2155 448 2218; x_wconf 84' lang='grc' dir='ltr'><em>πόλει</em></span> <span class='ocrx_word' id='word_1_116' title='bbox 478 2156 532 2218; x_wconf 82' lang='grc' dir='ltr'><strong>καὶ</strong></span> <span class='ocrx_word' id='word_1_117' title='bbox 563 2156 581 2217; x_wconf 87' lang='grc' dir='ltr'><em>ό</em></span> <span class='ocrx_word' id='word_1_118' title='bbox 612 2156 854 2239; x_wconf 64' lang='grc' dir='ltr'><em>ἑτερόφθαλμος</em></span> <span class='ocrx_word' id='word_1_119' title='bbox 884 2156 1005 2238; x_wconf 82' lang='grc' dir='ltr'><em>ὡραῖος</em></span> <span class='ocrx_word' id='word_1_120' title='bbox 1036 2156 1134 2220; x_wconf 79' lang='grc' dir='ltr'><em>δοκεῖ.</em></span> <span class='ocrx_word' id='word_1_121' title='bbox 1179 2154 1272 2220; x_wconf 81' lang='lat' dir='ltr'><strong>Sanc</strong></span> <span class='ocrx_word' id='word_1_122' title='bbox 1356 2203 1359 2208; x_wconf 80' lang='lat'><em>-</em></span> 
     </span>
    </p>
   </div>
   <div class='ocr_carea' id='block_1_7' title="bbox 198 2259 1271 4270">
    <p class='ocr_par' dir='ltr' id='par_1_7' title="bbox 198 2259 1271 2881">
     <span class='ocr_line' id='line_1_16' title="bbox 199 2259 1269 2347; baseline 0.001 -23"><span class='ocrx_word' id='word_1_123' title='bbox 199 2260 374 2347; x_wconf 82' lang='lat' dir='ltr'><strong>probanda</strong></span> <span class='ocrx_word' id='word_1_124' title='bbox 397 2262 450 2326; x_wconf 87' lang='lat' dir='ltr'><strong>est</strong></span> <span class='ocrx_word' id='word_1_125' title='bbox 475 2259 580 2326; x_wconf 80' lang='lat' dir='ltr'><strong>Grusii</strong></span> <span class='ocrx_word' id='word_1_126' title='bbox 603 2263 784 2342; x_wconf 78' lang='lat' dir='ltr'><strong>sententio,</strong></span> <span class='ocrx_word' id='word_1_127' title='bbox 809 2261 867 2347; x_wconf 91' lang='lat' dir='ltr'><strong>qui</strong></span> <span class='ocrx_word' id='word_1_128' title='bbox 889 2266 988 2347; x_wconf 79' lang='lat' dir='ltr'><strong>putet</strong></span> <span class='ocrx_word' id='word_1_129' title='bbox 1012 2260 1269 2347; x_wconf 76' lang='lat' dir='ltr'><strong>explicationem</strong></span> 
     </span>
     <span class='ocr_line' id='line_1_17' title="bbox 199 2368 1271 2455; baseline 0 -23"><span class='ocrx_word' id='word_1_130' title='bbox 199 2369 442 2451; x_wconf 76' lang='grc' dir='ltr'><em>ἑτερόφθαλμος</em></span> <span class='ocrx_word' id='word_1_131' title='bbox 462 2388 520 2453; x_wconf 81' lang='lat' dir='ltr'><strong>pro</strong></span> <span class='ocrx_word' id='word_1_132' title='bbox 545 2370 678 2451; x_wconf 81' lang='grc' dir='ltr'><em>γλάμων</em></span> <span class='ocrx_word' id='word_1_133' title='bbox 696 2368 732 2432; x_wconf 89' lang='lat' dir='ltr'><strong>in</strong></span> <span class='ocrx_word' id='word_1_134' title='bbox 748 2370 882 2434; x_wconf 84' lang='lat' dir='ltr'><strong>textum</strong></span> <span class='ocrx_word' id='word_1_135' title='bbox 897 2368 1069 2455; x_wconf 75' lang='lat' dir='ltr'><strong>irrepsisse</strong></span> <span class='ocrx_word' id='word_1_136' title='bbox 1086 2371 1121 2434; x_wconf 77' lang='lat' dir='ltr'><strong>et</strong></span> <span class='ocrx_word' id='word_1_137' title='bbox 1136 2371 1271 2451; x_wconf 77' lang='grc' dir='ltr'><em>γλάμων</em></span> 
     </span>
     <span class='ocr_line' id='line_1_18' title="bbox 198 2472 1269 2562; baseline 0 -22"><span class='ocrx_word' id='word_1_138' title='bbox 198 2474 444 2544; x_wconf 82' lang='lat' dir='ltr'><strong>restituendum</strong></span> <span class='ocrx_word' id='word_1_139' title='bbox 477 2495 551 2541; x_wconf 87' lang='lat' dir='ltr'><strong>esse</strong></span> <span class='ocrx_word' id='word_1_140' title='bbox 581 2472 636 2562; x_wconf 84' lang='lat' dir='ltr'><strong>(ci.</strong></span> <span class='ocrx_word' id='word_1_141' title='bbox 659 2475 678 2544; x_wconf 88' lang='lat' dir='ltr'><strong>l.</strong></span> <span class='ocrx_word' id='word_1_142' title='bbox 705 2495 729 2542; x_wconf 87' lang='lat' dir='ltr'><strong>s.</strong></span> <span class='ocrx_word' id='word_1_143' title='bbox 752 2497 783 2562; x_wconf 91' lang='lat' dir='ltr'><strong>p.</strong></span> <span class='ocrx_word' id='word_1_144' title='bbox 798 2475 887 2560; x_wconf 83' lang='lat'>423).</span> <span class='ocrx_word' id='word_1_145' title='bbox 942 2474 1033 2542; x_wconf 84' lang='lat' dir='ltr'><strong>idem</strong></span> <span class='ocrx_word' id='word_1_146' title='bbox 1056 2473 1075 2540; x_wconf 94' lang='lat' dir='ltr'><strong>l.</strong></span> <span class='ocrx_word' id='word_1_147' title='bbox 1100 2496 1124 2540; x_wconf 82' lang='lat' dir='ltr'><strong>S.</strong></span> <span class='ocrx_word' id='word_1_148' title='bbox 1157 2474 1269 2541; x_wconf 88' lang='lat' dir='ltr'><strong>docuit</strong></span> 
     </span>
     <span class='ocr_line' id='line_1_19' title="bbox 199 2581 1268 2669; baseline 0 -22"><span class='ocrx_word' id='word_1_149' title='bbox 199 2582 341 2669; x_wconf 85' lang='lat' dir='ltr'><strong>antiqua</strong></span> <span class='ocrx_word' id='word_1_150' title='bbox 376 2582 529 2667; x_wconf 85' lang='lat' dir='ltr'><strong>exempla</strong></span> <span class='ocrx_word' id='word_1_151' title='bbox 557 2581 707 2647; x_wconf 87' lang='lat' dir='ltr'><strong>eiusdem</strong></span> <span class='ocrx_word' id='word_1_152' title='bbox 737 2582 927 2664; x_wconf 80' lang='lat' dir='ltr'><strong>argumenti</strong></span> <span class='ocrx_word' id='word_1_153' title='bbox 961 2582 1051 2667; x_wconf 84' lang='lat' dir='ltr'>apud</span> <span class='ocrx_word' id='word_1_154' title='bbox 1085 2582 1268 2647; x_wconf 87' lang='lat' dir='ltr'><strong>Zenobium</strong></span> 
     </span>
     <span class='ocr_line' id='line_1_20' title="bbox 199 2687 1269 2776; baseline -0.001 -23"><span class='ocrx_word' id='word_1_155' title='bbox 199 2688 378 2771; x_wconf 80' lang='lat' dir='ltr'><strong>vulgatum</strong></span> <span class='ocrx_word' id='word_1_156' title='bbox 401 2709 432 2753; x_wconf 91' lang='lat' dir='ltr'><strong>n.</strong></span> <span class='ocrx_word' id='word_1_157' title='bbox 457 2690 521 2755; x_wconf 89' lang='grc'><strong>277</strong></span> <span class='ocrx_word' id='word_1_158' title='bbox 545 2689 696 2773; x_wconf 82' lang='lat' dir='ltr'><strong>inveniri,</strong></span> <span class='ocrx_word' id='word_1_159' title='bbox 726 2693 761 2754; x_wconf 90' lang='lat' dir='ltr'><strong>et</strong></span> <span class='ocrx_word' id='word_1_160' title='bbox 783 2689 912 2776; x_wconf 85' lang='lat' dir='ltr'><strong>Meyer:</strong></span> <span class='ocrx_word' id='word_1_161' title='bbox 944 2689 1021 2775; x_wconf 82' lang='lat' dir='ltr'><strong>Byz.</strong></span> <span class='ocrx_word' id='word_1_162' title='bbox 1046 2688 1201 2754; x_wconf 82' lang='lat' dir='ltr'><strong>Zeitschr.</strong></span> <span class='ocrx_word' id='word_1_163' title='bbox 1224 2687 1269 2752; x_wconf 83' lang='grc' dir='ltr'><strong>ΙΙΙ</strong></span> 
     </span>
     <span class='ocr_line' id='line_1_21' title="bbox 198 2794 794 2881; baseline 0.002 -20"><span class='ocrx_word' id='word_1_164' title='bbox 198 2817 230 2881; x_wconf 87' lang='lat' dir='ltr'><strong>p.</strong></span> <span class='ocrx_word' id='word_1_165' title='bbox 245 2795 312 2861; x_wconf 83' lang='lat'><strong>408</strong></span> <span class='ocrx_word' id='word_1_166' title='bbox 335 2795 469 2860; x_wconf 78' lang='lat' dir='ltr'><strong>novicia</strong></span> <span class='ocrx_word' id='word_1_167' title='bbox 492 2794 645 2881; x_wconf 78' lang='lat' dir='ltr'><strong>exempla</strong></span> <span class='ocrx_word' id='word_1_168' title='bbox 668 2794 794 2862; x_wconf 81' lang='lat' dir='ltr'><strong>attulit</strong></span> 
     </span>
    </p>

    <p class='ocr_par' dir='ltr' id='par_1_8' title="bbox 199 2898 1268 3093">
     <span class='ocr_line' id='line_1_22' title="bbox 288 2898 1268 2987; baseline 0.002 -22"><span class='ocrx_word' id='word_1_169' title='bbox 288 2901 405 2966; x_wconf 83' lang='lat' dir='ltr'>V1124</span> <span class='ocrx_word' id='word_1_170' title='bbox 423 2903 477 2967; x_wconf 83' lang='grc' dir='ltr'><em>Ἐν</em></span> <span class='ocrx_word' id='word_1_171' title='bbox 492 2906 587 2987; x_wconf 80' lang='grc' dir='ltr'><em>πίσσῃ</em></span> <span class='ocrx_word' id='word_1_172' title='bbox 602 2898 742 2987; x_wconf 78' lang='grc' dir='ltr'><em>τήρησον</em></span> <span class='ocrx_word' id='word_1_173' title='bbox 755 2905 815 2987; x_wconf 85' lang='grc' dir='ltr'><em>τὴν</em></span> <span class='ocrx_word' id='word_1_174' title='bbox 827 2905 978 2986; x_wconf 73' lang='grc' dir='ltr'><em>καρδίανε</em></span> <span class='ocrx_word' id='word_1_175' title='bbox 1001 2905 1068 2967; x_wconf 81' lang='grc' dir='ltr'><em>ἀντὶ</em></span> <span class='ocrx_word' id='word_1_176' title='bbox 1082 2911 1138 2967; x_wconf 82' lang='grc' dir='ltr'><strong>τοῦ</strong></span> <span class='ocrx_word' id='word_1_177' title='bbox 1153 2910 1268 2986; x_wconf 76' lang='grc' dir='ltr'><em>’γενοῦ</em></span> 
     </span>
     <span class='ocr_line' id='line_1_23' title="bbox 199 3011 351 3093; baseline 0.007 -20"><span class='ocrx_word' id='word_1_178' title='bbox 199 3011 351 3093; x_wconf 82' lang='grc' dir='ltr'><em>ἀνδρεῖος.</em></span> 
     </span>
    </p>

    <p class='ocr_par' dir='ltr' id='par_1_9' title="bbox 199 3114 1269 3307">
     <span class='ocr_line' id='line_1_24' title="bbox 291 3114 1269 3201; baseline 0 -21"><span class='ocrx_word' id='word_1_179' title='bbox 291 3115 349 3180; x_wconf 91' lang='lat' dir='ltr'><strong>Vll</strong></span> <span class='ocrx_word' id='word_1_180' title='bbox 373 3114 446 3181; x_wconf 68' lang='lat' dir='ltr'><strong>{lto</strong></span> <span class='ocrx_word' id='word_1_181' title='bbox 477 3117 532 3181; x_wconf 82' lang='grc' dir='ltr'><em>Ἐν</em></span> <span class='ocrx_word' id='word_1_182' title='bbox 566 3119 697 3201; x_wconf 85' lang='grc' dir='ltr'><em>ἀχύροις</em></span> <span class='ocrx_word' id='word_1_183' title='bbox 728 3125 793 3199; x_wconf 81' lang='grc' dir='ltr'><em>πῦρ</em></span> <span class='ocrx_word' id='word_1_184' title='bbox 833 3119 931 3200; x_wconf 64' lang='lat' dir='ltr'><strong>eppei:</strong></span> <span class='ocrx_word' id='word_1_185' title='bbox 974 3119 1024 3181; x_wconf 75' lang='grc' dir='ltr'><strong>ἐπὶ</strong></span> <span class='ocrx_word' id='word_1_186' title='bbox 1057 3124 1114 3181; x_wconf 85' lang='grc' dir='ltr'><strong>ταῦ</strong></span> <span class='ocrx_word' id='word_1_187' title='bbox 1148 3118 1269 3199; x_wconf 80' lang='grc' dir='ltr'><em>ῥαδίως</em></span> 
     </span>
     <span class='ocr_line' id='line_1_25' title="bbox 199 3227 376 3307; baseline -0.006 -19"><span class='ocrx_word' id='word_1_188' title='bbox 199 3227 376 3307; x_wconf 79' lang='grc' dir='ltr'><em>γινομένου.</em></span> 
     </span>
    </p>

    <p class='ocr_par' dir='ltr' id='par_1_10' title="bbox 198 3328 1270 3626">
     <span class='ocr_line' id='line_1_26' title="bbox 290 3328 1270 3416; baseline -0.003 -21"><span class='ocrx_word' id='word_1_189' title='bbox 290 3328 336 3395; x_wconf 74' lang='lat' dir='ltr'><strong>Of.</strong></span> <span class='ocrx_word' id='word_1_190' title='bbox 359 3330 446 3396; x_wconf 88' lang='lat' dir='ltr'><strong>Plut.</strong></span> <span class='ocrx_word' id='word_1_191' title='bbox 471 3330 607 3412; x_wconf 81' lang='lat' dir='ltr'><strong>Coniug.</strong></span> <span class='ocrx_word' id='word_1_192' title='bbox 629 3330 740 3396; x_wconf 80' lang='lat' dir='ltr'><strong>P-reec.</strong></span> <span class='ocrx_word' id='word_1_193' title='bbox 764 3330 787 3395; x_wconf 82' lang='lat'>4</span> <span class='ocrx_word' id='word_1_194' title='bbox 810 3352 840 3416; x_wconf 88' lang='lat' dir='ltr'><strong>p.</strong></span> <span class='ocrx_word' id='word_1_195' title='bbox 859 3331 977 3396; x_wconf 76' lang='lat' dir='ltr'>138F:</span> <span class='ocrx_word' id='word_1_196' title='bbox 1001 3331 1122 3412; x_wconf 80' lang='grc' dir='ltr'><em>Ὥσπερ</em></span> <span class='ocrx_word' id='word_1_197' title='bbox 1143 3331 1179 3394; x_wconf 84' lang='grc' dir='ltr'><strong>τὸ</strong></span> <span class='ocrx_word' id='word_1_198' title='bbox 1202 3336 1270 3412; x_wconf 79' lang='grc' dir='ltr'><em>πῦρ</em></span> 
     </span>
     <span class='ocr_line' id='line_1_27' title="bbox 199 3438 1269 3522; baseline -0.001 -21"><span class='ocrx_word' id='word_1_199' title='bbox 199 3439 359 3511; x_wconf 70' lang='grc' dir='ltr'><em>ἐξάπτεται</em></span> <span class='ocrx_word' id='word_1_200' title='bbox 386 3439 447 3521; x_wconf 83' lang='grc' dir='ltr'><em>μὲν</em></span> <span class='ocrx_word' id='word_1_201' title='bbox 469 3439 610 3521; x_wconf 84' lang='grc' dir='ltr'><em>εὐχερῶς</em></span> <span class='ocrx_word' id='word_1_202' title='bbox 633 3441 667 3502; x_wconf 78' lang='grc' dir='ltr'><em>ἐν</em></span> <span class='ocrx_word' id='word_1_203' title='bbox 689 3440 821 3522; x_wconf 74' lang='grc' dir='ltr'><em>ἀχόρους</em></span> <span class='ocrx_word' id='word_1_204' title='bbox 843 3440 896 3503; x_wconf 80' lang='grc' dir='ltr'><strong>καὶ</strong></span> <span class='ocrx_word' id='word_1_205' title='bbox 919 3439 1084 3520; x_wconf 71' lang='grc' dir='ltr'><em>θρυαλλίδι</em></span> <span class='ocrx_word' id='word_1_206' title='bbox 1106 3438 1160 3501; x_wconf 81' lang='grc' dir='ltr'><strong>καί</strong></span> <span class='ocrx_word' id='word_1_207' title='bbox 1182 3438 1269 3517; x_wconf 73' lang='grc' dir='ltr'><em>θριξὶ</em></span> 
     </span>
     <span class='ocr_line' id='line_1_28' title="bbox 198 3546 345 3626; baseline 0.007 -19"><span class='ocrx_word' id='word_1_208' title='bbox 198 3546 345 3626; x_wconf 87' lang='grc' dir='ltr'><em>λαγώαις.</em></span> 
     </span>
    </p>

    <p class='ocr_par' dir='ltr' id='par_1_11' title="bbox 198 3650 1269 3842">
     <span class='ocr_line' id='line_1_29' title="bbox 289 3650 1269 3736; baseline -0.002 -21"><span class='ocrx_word' id='word_1_209' title='bbox 289 3650 348 3715; x_wconf 91' lang='lat' dir='ltr'><strong>Vll</strong></span> <span class='ocrx_word' id='word_1_210' title='bbox 364 3650 436 3716; x_wconf 66' lang='lat'><strong>543</strong></span> <span class='ocrx_word' id='word_1_211' title='bbox 454 3652 561 3725; x_wconf 82' lang='grc' dir='ltr'><em>’Ἐξελε</em></span> <span class='ocrx_word' id='word_1_212' title='bbox 574 3654 630 3735; x_wconf 85' lang='grc' dir='ltr'><em>τὴν</em></span> <span class='ocrx_word' id='word_1_213' title='bbox 645 3653 787 3736; x_wconf 81' lang='grc' dir='ltr'><em>κόρυζαν</em></span> <span class='ocrx_word' id='word_1_214' title='bbox 801 3659 858 3735; x_wconf 85' lang='grc' dir='ltr'><strong>τῆς</strong></span> <span class='ocrx_word' id='word_1_215' title='bbox 869 3653 971 3733; x_wconf 84' lang='grc' dir='ltr'><em>ῥινός;</em></span> <span class='ocrx_word' id='word_1_216' title='bbox 988 3654 1037 3715; x_wconf 77' lang='grc' dir='ltr'><strong>ἐπὶ</strong></span> <span class='ocrx_word' id='word_1_217' title='bbox 1051 3657 1117 3714; x_wconf 85' lang='grc' dir='ltr'><em>τῶν</em></span> <span class='ocrx_word' id='word_1_218' title='bbox 1131 3651 1269 3733; x_wconf 78' lang='grc' dir='ltr'><em>ὀργίλων</em></span> 
     </span>
     <span class='ocr_line' id='line_1_30' title="bbox 198 3759 538 3842; baseline 0 -21"><span class='ocrx_word' id='word_1_219' title='bbox 198 3759 253 3821; x_wconf 82' lang='grc' dir='ltr'><strong>καὶ</strong></span> <span class='ocrx_word' id='word_1_220' title='bbox 276 3760 538 3842; x_wconf 87' lang='grc' dir='ltr'><em>ἰσχυρογνώμων.</em></span> 
     </span>
    </p>

    <p class='ocr_par' dir='ltr' id='par_1_12' title="bbox 198 3863 1270 4164">
     <span class='ocr_line' id='line_1_31' title="bbox 289 3863 1270 3950; baseline -0.002 -21"><span class='ocrx_word' id='word_1_221' title='bbox 289 3864 425 3930; x_wconf 82' lang='lat' dir='ltr'><strong>Crusius</strong></span> <span class='ocrx_word' id='word_1_222' title='bbox 458 3865 478 3929; x_wconf 90' lang='lat' dir='ltr'><strong>l.</strong></span> <span class='ocrx_word' id='word_1_223' title='bbox 507 3885 532 3930; x_wconf 89' lang='lat' dir='ltr'><strong>s.</strong></span> <span class='ocrx_word' id='word_1_224' title='bbox 555 3886 585 3950; x_wconf 94' lang='lat' dir='ltr'><strong>p.</strong></span> <span class='ocrx_word' id='word_1_225' title='bbox 601 3865 667 3931; x_wconf 80' lang='lat'><strong>409</strong></span> <span class='ocrx_word' id='word_1_226' title='bbox 703 3866 767 3931; x_wconf 89' lang='lat' dir='ltr'><strong>hoc</strong></span> <span class='ocrx_word' id='word_1_227' title='bbox 798 3863 924 3930; x_wconf 88' lang='lat' dir='ltr'><strong>dictum</strong></span> <span class='ocrx_word' id='word_1_228' title='bbox 955 3866 1162 3950; x_wconf 82' lang='lat' dir='ltr'><strong>comparavit</strong></span> <span class='ocrx_word' id='word_1_229' title='bbox 1192 3884 1270 3930; x_wconf 84' lang='lat' dir='ltr'><strong>cum</strong></span> 
     </span>
     <span class='ocr_line' id='line_1_32' title="bbox 198 3970 1267 4055; baseline -0.001 -19"><span class='ocrx_word' id='word_1_230' title='bbox 198 3970 360 4038; x_wconf 78' lang='lat' dir='ltr'><strong>Plenuois</strong></span> <span class='ocrx_word' id='word_1_231' title='bbox 383 3994 414 4037; x_wconf 93' lang='lat' dir='ltr'><strong>n.</strong></span> <span class='ocrx_word' id='word_1_232' title='bbox 431 3971 474 4039; x_wconf 84' lang='grc'><strong>97</strong></span> <span class='ocrx_word' id='word_1_233' title='bbox 490 3971 576 4053; x_wconf 68' lang='grc' dir='ltr'><em>(9θλτ</em></span> <span class='ocrx_word' id='word_1_234' title='bbox 609 3974 646 4036; x_wconf 77' lang='lat' dir='ltr'><strong>Ti</strong></span> <span class='ocrx_word' id='word_1_235' title='bbox 667 3977 706 4037; x_wconf 69' lang='lat' dir='ltr'><strong>ov</strong></span> <span class='ocrx_word' id='word_1_236' title='bbox 737 3975 818 4055; x_wconf 77' lang='grc' dir='ltr'><em>ἄρῃς</em></span> <span class='ocrx_word' id='word_1_237' title='bbox 841 3974 876 4035; x_wconf 86' lang='grc' dir='ltr'><strong>εἰι</strong></span> <span class='ocrx_word' id='word_1_238' title='bbox 899 3979 955 4036; x_wconf 80' lang='grc' dir='ltr'><strong>τοῦ</strong></span> <span class='ocrx_word' id='word_1_239' title='bbox 978 3975 1181 4054; x_wconf 75' lang='grc' dir='ltr'><em>κορυζῶντας</em></span> <span class='ocrx_word' id='word_1_240' title='bbox 1204 3973 1267 4036; x_wconf 84' lang='grc' dir='ltr'><em>κτλ.</em></span> 
     </span>
     <span class='ocr_line' id='line_1_33' title="bbox 198 4077 1267 4164; baseline -0.002 -20"><span class='ocrx_word' id='word_1_241' title='bbox 198 4078 250 4144; x_wconf 86' lang='lat' dir='ltr'><strong>De</strong></span> <span class='ocrx_word' id='word_1_242' title='bbox 279 4077 432 4144; x_wconf 83' lang='lat' dir='ltr'><strong>sollemni</strong></span> <span class='ocrx_word' id='word_1_243' title='bbox 460 4078 706 4162; x_wconf 81' lang='lat' dir='ltr'><strong>significatione</strong></span> <span class='ocrx_word' id='word_1_244' title='bbox 728 4079 822 4144; x_wconf 86' lang='lat' dir='ltr'><strong>vocis</strong></span> <span class='ocrx_word' id='word_1_245' title='bbox 844 4080 968 4160; x_wconf 83' lang='grc' dir='ltr'><em>κόρυζα</em></span> <span class='ocrx_word' id='word_1_246' title='bbox 992 4078 1030 4142; x_wconf 81' lang='lat' dir='ltr'><strong>ol.</strong></span> <span class='ocrx_word' id='word_1_247' title='bbox 1055 4077 1143 4144; x_wconf 81' lang='lat' dir='ltr'><strong>inire</strong></span> <span class='ocrx_word' id='word_1_248' title='bbox 1166 4100 1197 4164; x_wconf 87' lang='lat' dir='ltr'><strong>p.</strong></span> <span class='ocrx_word' id='word_1_249' title='bbox 1214 4078 1267 4143; x_wconf 86' lang='lat'><strong>31.</strong></span> 
     </span>
    </p>

    <p class='ocr_par' dir='ltr' id='par_1_13' title="bbox 289 4183 1178 4270">
     <span class='ocr_line' id='line_1_34' title="bbox 289 4183 1178 4270; baseline 0.002 -20"><span class='ocrx_word' id='word_1_250' title='bbox 289 4183 349 4250; x_wconf 84' lang='grc' dir='ltr'><strong>ΧΗ</strong></span> <span class='ocrx_word' id='word_1_251' title='bbox 366 4185 411 4252; x_wconf 78' lang='grc'><strong>76</strong></span> <span class='ocrx_word' id='word_1_252' title='bbox 426 4187 566 4270; x_wconf 83' lang='grc' dir='ltr'><em>Ἕπηλυς</em></span> <span class='ocrx_word' id='word_1_253' title='bbox 588 4187 645 4251; x_wconf 87' lang='grc' dir='ltr'><em>τόν</em></span> <span class='ocrx_word' id='word_1_254' title='bbox 667 4189 807 4252; x_wconf 74' lang='grc' dir='ltr'><em>ἔνοικοντ</em></span> <span class='ocrx_word' id='word_1_255' title='bbox 831 4187 925 4250; x_wconf 82' lang='grc' dir='ltr'><em>λείπει</em></span> <span class='ocrx_word' id='word_1_256' title='bbox 948 4186 984 4250; x_wconf 87' lang='grc' dir='ltr'><strong>τὸ</strong></span> <span class='ocrx_word' id='word_1_257' title='bbox 1007 4186 1178 4268; x_wconf 82' lang='grc' dir='ltr'><em>ἐξέβαλλεν.</em></span> 
     </span>
    </p>
   </div>
   <div class='ocr_carea' id='block_1_8' title="bbox 0 0 1617 5025">
    <p class='ocr_par' dir='ltr' id='par_1_14' title="bbox 0 0 1617 5025">
     <span class='ocr_line' id='line_1_35' title="bbox 0 0 1617 5025; baseline 0 0"><span class='ocrx_word' id='word_1_258' title='bbox 0 0 1617 5025; x_wconf 95' lang='lat' dir='ltr'><strong> </strong></span> 
     </span>
    </p>
   </div>
  </div>
 </body>
</html>
