3217 5025
773 569 994 635 ,12-

351 751 473 832 ψάλτου
496 752 566 833 βήξ.
612 747 684 814 Ηοο
707 747 920 835 proverbium
943 743 1085 812 Aldinae
1109 751 1226 812 auctor
1248 767 1291 812 ex
1314 745 1429 812 Suida

352 856 475 941 recepit
498 855 557 921 col.
579 854 634 938 41,
666 853 747 920 illud
771 853 861 939 apud
884 853 1096 935 Ps-oiogen.
1112 852 1157 917 III
1173 853 1216 919 62
1239 854 1428 919 invenitur.

351 960 434 1027 Rern
446 962 554 1047 ipsam
568 962 698 1048 copiose
711 961 851 1047 exponit
862 959 1021 1026 Erasmus
1033 960 1071 1042 ll,
1086 959 1116 1029 9.
1128 958 1186 1024 45:
1202 958 1428 1025 Haesitantia

353 1068 498 1134 cantoris
522 1068 636 1134 tussis.
682 1067 816 1133 Dictum
839 1065 980 1148 videtur,
1012 1066 1144 1152 quoties
1168 1086 1236 1131 non
1259 1065 1425 1152 suppetit,

354 1173 442 1260 quod
465 1173 615 1240 dicamus
638 1171 738 1259 idque
761 1173 858 1239 velut
880 1171 971 1238 aliud
998 1176 1137 1255 agentes
1161 1171 1426 1237 dissimulamus.

355 1280 532 1366 Sumptum
563 1281 702 1365 apparet
730 1301 751 1345 a
779 1280 981 1362 cantoribus,
1021 1279 1078 1365 qui
1108 1300 1184 1344 cum
1214 1277 1356 1344 haerent
1384 1278 1426 1343 in

355 1388 510 1453 cantione
541 1387 662 1451 tussim
693 1384 864 1470 simulant,
897 1390 936 1451 ut
966 1385 1031 1451 hac
1053 1384 1207 1452 videatur
1233 1385 1426 1471 interrupta

356 1492 525 1559 cantilena
546 1514 614 1558 non
637 1493 779 1559 inscitia.

444 1599 488 1665 ΠΙ
503 1600 547 1665 42
567 1601 787 1665 Ἀπελθόντων
809 1607 874 1665 τῶν
897 1602 1053 1684 ὀμμάτων
1075 1600 1112 1662 τὰ
1135 1606 1190 1681 τῆς
1204 1600 1334 1682 μνήμης
1349 1600 1423 1672 ἄξια

356 1711 392 1772 ἔκ
413 1714 470 1772 τοῦ
493 1714 551 1772 νοῦ
575 1709 696 1789 ῥαδίως
719 1708 872 1790 ἐκφεύγει.

446 1814 552 1893 Quam
577 1812 781 1878 sententiam
805 1814 1085 1898 comparaverunt
1107 1810 1224 1876 Kurtz:
1252 1808 1423 1876 Planudes

356 1942 386 2005 p.
410 1920 455 1985 44
487 1922 522 1984 et
556 1918 706 1984 Orusius:
729 1918 810 1983 llh.
841 1917 882 1982 M.
917 1919 961 1984 42
995 1940 1025 2003 p.
1052 1918 1118 1983 422
1153 1938 1229 1983 cum
1263 1916 1423 1982 Planudis

357 2048 388 2091 n.
405 2026 471 2090 248
486 2024 592 2110 (246);
618 2026 662 2088 Τὰ
685 2026 730 2109 μή
755 2028 932 2109 φαινόμενα
955 2026 1114 2109 πρόσωπα
1133 2027 1256 2109 ταχέως
1271 2026 1304 2095 ἐς
1318 2025 1424 2108 λήθην

242 2220 246 2226 ⁵
358 2136 508 2217 ἔρχονιοι.
540 2130 639 2218 Apud
655 2135 834 2218 utrumque
850 2132 998 2213 genuina
1008 2130 1117 2196 forma
1132 2129 1295 2217 proverbii
1312 2128 1423 2194 diruta

359 2242 394 2304 et
416 2237 629 2324 paraphrasis
652 2239 787 2303 tantum
811 2242 947 2303 servata
970 2240 1029 2303 est.
1075 2237 1188 2323 ipsum
1211 2236 1422 2323 proverbium

358 2343 477 2410 melius
490 2364 642 2409 servasse
652 2342 842 2408 Katciulem
853 2364 884 2408 n.
898 2343 991 2426 1891,
1006 2344 1063 2409 ubi
1072 2343 1213 2427 legimus
1222 2344 1423 2441 :JOputalpol

358 2453 404 2537 μή
427 2453 616 2537 βλεπόμενοι
639 2452 741 2536 λήθης
764 2452 980 2535 ἀμπίσχονιαι,
1006 2472 1048 2517 ex
1063 2450 1256 2517 collectione
1274 2448 1424 2515 Wameri

359 2558 572 2642 intellegitur,
602 2579 689 2645 quae
719 2556 892 2640 vulgarem
919 2557 1062 2624 formam
1084 2558 1224 2642 praebet
1246 2556 1371 2622 Polites
1394 2555 1424 2620 Π

361 2688 385 2731 S.
401 2687 433 2731 v.
448 2669 542 2750 μάιια
558 2686 589 2731 n.
605 2665 642 2731 4:
666 2666 774 2729 Μάτια
797 2673 860 2730 ποῦ
878 2667 912 2730 δὲ
926 2667 1093 2749 βίέπονται
1109 2667 1247 2748 ηλήγορα
1262 2666 1423 2747 ληςμονει·

362 2779 475 2836 οῦνιαι.
523 2771 569 2836 cf.
594 2772 697 2836 etiam
721 2771 815 2836 Otto:
845 2770 907 2835 Die
943 2771 1183 2855 Sprichwlirter
1213 2769 1270 2835 der
1303 2769 1424 2835 Rumor

362 2899 392 2943 n.
420 2878 513 2944 1271.

450 2982 496 3047 IV
515 2983 552 3047 ll
581 2985 696 3048 Ἄσκὸν
726 2986 884 3067 βαπτίζεις
913 2986 1092 3066 πνεύματος
1122 2986 1243 3068 πλήρηῑ
1282 2985 1333 3047 ἐπὶ
1361 2987 1426 3046 τῶν

363 3091 538 3154 ἀδυνάτων.
582 3088 727 3154 Subesse
750 3088 884 3155 videtur
906 3089 1057 3154 trimeter
1071 3088 1292 3175 Byzantinus:
1312 3089 1427 3153 Ἀσκὸν

363 3199 519 3279 βαπτίζεις
542 3197 707 3279 <μωρός>
731 3197 909 3279 πνεύματος
931 3197 1046 3280 πλήρη.
1093 3195 1164 3261 Hoc
1195 3217 1326 3281 quoque
1350 3214 1427 3278 pro·

364 3302 515 3368 verbium
547 3301 707 3368 Erasmus
741 3303 981 3387 interpretatus
1017 3305 1070 3368 est
1103 3302 1154 3384 ΠΙ,
1170 3302 1204 3387 4,
1222 3302 1277 3367 32;
1312 3300 1427 3366 Utrem

365 3408 484 3491 mergis
513 3413 616 3474 vento
647 3408 791 3494 plenum.
839 3408 1005 3493 Competit
1036 3409 1075 3494 in
1102 3430 1187 3492 eum,
1218 3408 1274 3494 qui
1304 3408 1429 3473 trustra

366 3519 514 3597 conatur,
547 3516 665 3601 utqui
694 3516 838 3598 castigat
860 3513 1149 3599 inemendabilem,
1179 3516 1267 3600 quod
1290 3514 1428 3579 inflatus

365 3623 449 3703 uter,
474 3623 691 3707 quantumvis
707 3622 895 3706 immergite,
912 3641 1042 3686 rursum
1061 3622 1188 3687 emicet.
1212 3661 1255 3668 -
1279 3619 1429 3686 culleum

366 3727 452 3794 aeris
494 3727 629 3812 plenum
671 3730 706 3793 in
748 3727 947 3815 proverbiali
985 3749 1050 3793 usu
1092 3729 1197 3796 fuisse
1240 3730 1344 3794 etiam
1387 3748 1429 3793 ex

366 3833 437 3898 loco
465 3832 629 3899 iohannis
661 3833 813 3900 Climacis
845 3837 996 3919 apparet,
1029 3855 1129 3919 quem
1163 3833 1279 3900 attulit
1308 3834 1430 3899 Krum·

366 3940 490 4006 bacher
520 3938 592 4023 Mgs
624 3963 654 4027 p.
678 3940 744 4006 233
767 3961 798 4005 n.
816 3942 872 4007 77:
905 3942 986 4013 Τοὺς
1015 3944 1075 4024 μὲν
1104 3942 1215 4012 κενοὺς
1245 3942 1365 4012 ἀσκοὺς
1394 3941 1431 4003 τὸ

366 4054 491 4130 πνεῦμα
526 4048 680 4131 διίστησιν.
710 4048 784 4119 τοὺς
813 4049 847 4113 δὲ
878 4050 1032 4132 ἀνοήτους
1063 4051 1082 4132 ή
1115 4051 1222 4131 οἴησις.
1276 4045 1322 4112 Cf.
1351 4045 1431 4112 Otto

368 4176 399 4219 n.
427 4153 519 4218 1841.
