3217 5025
618 601 838 668 ..17-

193 783 303 864 φιύνει
332 781 406 845 στὸν
437 780 566 864 οὐρανό,
599 781 707 863 φτύνει
731 780 838 844 <στὸ>
866 780 1024 862 πρόσωπά
1047 804 1112 843 τοο.
1158 777 1264 861 Magis

193 887 238 952 ad
270 886 405 952 doctum
438 906 625 952 sermonem
655 886 718 952 hoe
750 885 876 952 dietum
900 882 1187 951 accommodatum
1211 890 1264 951 est

194 993 286 1080 apud
308 992 498 1059 Katziulem
521 1013 552 1058 n.
572 992 650 1058 132:
669 995 754 1058 Ἄνω
778 995 797 1057 ὁ
826 994 944 1065 πιτύων,
968 996 1011 1064 εἰς
1034 993 1146 1058 ἑαυτὸν
1167 995 1262 1057 πτύει.

194 1100 293 1187 Apud
316 1098 503 1165 Planudem
527 1106 641 1165 autem
664 1098 878 1184 paraphrasis
901 1101 1035 1164 lantum
1052 1101 1166 1164 exstat
1180 1119 1211 1163 n.
1228 1098 1262 1165 9:

197 1207 312 1279 Οὐδεὶς
343 1210 473 1272 ἔπτυσεν
504 1210 547 1279 εἰς
576 1209 631 1271 τὸν
663 1206 811 1290 οὐρανὸν,
835 1208 883 1277 ὡς
904 1207 949 1289 μὴ
973 1207 1009 1269 τὸ
1032 1208 1159 1289 πτύσμα
1181 1206 1263 1290 πρὸς

191 1315 228 1379 τὸ
244 1316 343 1379 αὐτοῦ
359 1321 544 1379 καταπεσεῖν
559 1315 744 1396 πρόσωπον.
784 1312 893 1392 Quam
904 1311 1022 1378 tritum
1033 1313 1262 1397 usitatumque

193 1420 297 1486 etiam
326 1418 415 1506 apud
439 1420 616 1486 hodiernos
641 1418 786 1485 Graecos
810 1418 864 1502 sil,
897 1439 940 1484 ex
963 1418 1077 1484 multis
1102 1418 1262 1505 exemplis

192 1529 343 1613 apparet,
369 1547 456 1613 quae
480 1525 669 1592 attulerunt
691 1525 795 1591 Kurlz
818 1524 988 1590 Planudes
1010 1546 1041 1610 p.
1060 1526 1110 1608 15,
1143 1525 1262 1590 Krum-

192 1633 318 1700 bacher
340 1633 413 1717 Mgs
437 1655 467 1719 p.
489 1633 561 1717 164,
588 1633 723 1699 Grusius
748 1631 809 1698 Rh.
833 1631 875 1697 M.
898 1631 942 1697 42
965 1654 995 1718 p.
1010 1631 1084 1698 400.

282 1757 414 1824 V159c
437 1759 559 1842 Εἰρήνη
594 1760 706 1842 ἀργίαν
737 1760 775 1821 οὐ
807 1760 928 1841 τρέφεις
960 1759 1056 1822 οἷονεί
1084 1759 1140 1822 τὸν
1163 1759 1261 1840 ἀργὸν

191 1867 246 1930 καί
268 1867 314 1949 μὴ
339 1868 451 1949 ἔχοντα
474 1867 577 1930 πόθεν
602 1868 701 1949 ζῆσαι.
725 1868 745 1948 ἢ
770 1864 835 1928 ἀπὸ
857 1870 1014 1948 ταραχῶν.
1039 1865 1137 1948 ἡγὰρ
1153 1867 1260 1948 εἰρήνη

191 1975 383 2056 στρατιώτην
406 1974 445 2036 οὗ
468 1975 582 2054 τρέφει.

281 2096 327 2161 VI
343 2095 386 2163 63
409 2097 469 2168 Εἰς
492 2098 568 2168 θεὸς
591 2099 644 2160 καὶ
666 2097 777 2160 πολλοὶ
800 2097 900 2178 pellor:
923 2097 1066 2179 παρόσον
1090 2099 1121 2160 οἱ
1144 2097 1261 2178 ἀγαθοὶ

190 2205 278 2287 φίλοι
307 2204 361 2267 καὶ
393 2206 470 2285 ἔαγε
499 2204 621 2287 μᾶλλον
651 2206 680 2267 εἰ
700 2204 814 2267 πολλοί
834 2206 899 2277 εἰσι,
931 2203 1078 2267 δύνανται
1100 2205 1261 2288 βοηθῆσαι

190 2317 238 2393 τῷ
262 2312 405 2394 δεομένῳ
428 2311 479 2375 ἰσα
503 2312 625 2393 καὶτῷ
647 2312 727 2392 θεῷ.

280 2432 441 2499 Erasmus
473 2432 630 2518 cognovit
660 2434 723 2500 hoo
754 2432 892 2517 vulgare
924 2454 997 2499 esse
1030 2454 1105 2499 oum
1137 2433 1260 2500 diceret

190 2542 244 2618 ΙΠ,
260 2541 291 2624 4,
307 2542 364 2608 88:
388 2541 483 2607 Unus
508 2541 590 2607 deus
614 2545 649 2607 el
673 2540 784 2627 plures
809 2541 905 2606 amici
929 2561 955 2605 e.
979 2563 1008 2627 q.
1030 2562 1054 2607 S.
1079 2538 1202 2625 Opinor
1225 2544 1260 2606 et

190 2649 254 2714 hoo
279 2669 300 2713 a
323 2647 424 2731 vulgo
441 2651 558 2715 mutuo
577 2652 749 2734 sumptum
764 2668 833 2713 non
851 2669 893 2712 ex
909 2647 1110 2712 auctoribus
1145 2646 1258 2712 Simile

190 2755 317 2821 dietum
341 2776 383 2820 ex
406 2754 566 2821 Planudis
591 2754 783 2821 collectione
807 2776 838 2819 n.
855 2754 898 2820 29
922 2752 1056 2819 Orosius
1080 2755 1178 2819 alieri
1197 2754 1217 2820 l.
1234 2776 1258 2819 s,

189 2884 219 2948 p.
235 2862 318 2928 402:
351 2863 449 2934 Εἶδες
477 2863 532 2927 τὸν
564 2864 656 2946 φίλον
687 2888 755 2937 σου,
786 2863 866 2933 εἶδες
895 2862 950 2925 τὸν
980 2863 1058 2926 θεόν
1089 2886 1157 2926 σου.
1208 2860 1259 2926 Ex

188 2968 365 3055 Apostolio
389 2968 533 3054 sumpsit
555 2968 619 3034 hoo
641 2968 814 3035 Ketziules
831 2990 861 3033 n.
878 2968 953 3050 713,
979 2969 1036 3055 qui
1051 2969 1139 3034 hane
1155 2969 1257 3034 inter-

188 3077 413 3173 pretationem
436 3076 592 3162 praebet:
613 3076 684 3139 Ἐπί
707 3083 763 3141 τοῦ
788 3078 852 3140 δεῖν
867 3077 945 3159 μετὰ
961 3077 1040 3157 θεὸν
1055 3078 1109 3140 καί
1123 3077 1258 3148 πολλοὺς

188 3182 269 3267 ligeto
292 3185 413 3266 φίλους.

61 3385 67 3393 ,
277 3324 323 3389 Vl
339 3325 383 3392 98
401 3326 554 3397 Ἕκαστος
578 3328 676 3390 αὑτοῦ
692 3326 727 3390 τὸ
742 3327 847 3410 βὸἑμα
862 3327 967 3410 μήλου
987 3327 1114 3408 γλύκιον
1126 3329 1256 3408 ἡγεῖταιῑ

190 3434 355 3516 δημώδης·

277 3555 339 3623 Est
370 3559 565 3625 tetrameter
596 3556 795 3637 trochaiouS,
828 3558 884 3642 qui
908 3557 1009 3622 eliam
1033 3557 1069 3621 in
1092 3555 1257 3622 Katziulis

187 3661 383 3729 collectione
407 3684 438 3729 n.
464 3664 529 3731 735
553 3663 689 3746 legitur:
709 3664 863 3734 Ἕκαστος
886 3666 983 3727 αὑτοῦ
1006 3664 1042 3726 τὸ
1064 3665 1178 3747 βὸέλος
1192 3666 1255 3728 κτλ.

189 3808 228 3817 -—
250 3771 321 3834 Ἐπὶ
352 3776 416 3835 τῶν
443 3772 481 3834 τὰ
506 3774 606 3835 οἰκεῖα
629 3771 743 3854 αἰσχρὰ
768 3772 815 3841 ὡς
839 3771 947 3851 ἀγαθὰ
971 3772 1137 3853 οἰομένων.
1185 3770 1256 3850 Quo

187 3875 227 3942 de
262 3876 437 3961 proverbio
469 3877 656 3963 disputavit
686 3877 812 3942 Erasm.
836 3876 934 3963 111,4,
952 3876 989 3941 2:
1020 3875 1256 3964 Unusquisque

187 4003 285 4048 suum
317 3982 422 4068 ipsius
446 3984 609 4069 crepitum
632 3983 720 4049 mulo
744 3984 934 4049 suaviorem
959 3983 1138 4050 existimet.
1185 3985 1256 4050 Hoc

186 4092 239 4155 est
262 4110 361 4156 nemo
386 4093 448 4173 est,
473 4091 526 4156 oui
549 4111 613 4156 sua
635 4091 726 4155 mala
748 4111 817 4156 non
841 4090 1021 4156 videantur
1043 4091 1098 4157 vel
1121 4091 1255 4176 optime.

186 4194 342 4263 Refertur
377 4198 421 4264 ab
456 4196 630 4284 Apostolio
662 4196 849 4284 Byzantino
882 4197 941 4263 sed
973 4197 1121 4280 evulgo
1156 4198 1255 4263 sicuti
