3217 5025
793 565 1015 631 „10-

368 745 528 810 seriorum
550 745 737 829 temporum
760 742 1000 827 cognoscenda,
1025 741 1170 809 fortasse
1195 764 1212 809 e
1236 764 1271 809 re
1295 744 1367 824 erit,
1399 745 1436 808 in

368 872 410 917 ea
444 849 631 917 accuratius
666 849 838 935 inquirere.
892 849 1040 915 Possunt
1075 853 1190 915 autem
1224 849 1309 916 haec
1334 849 1437 916 dicta

367 957 552 1023 recentiora
584 958 619 1021 in
653 956 718 1024 tria
752 975 876 1038 genera
916 954 1031 1039 dividi,
1072 976 1213 1041 quorum
1244 977 1349 1022 unum
1381 961 1436 1021 est

368 1083 491 1148 eorum,
524 1082 611 1149 quae
642 1082 684 1127 ex
716 1060 808 1145 vulgi
839 1082 894 1127 ore
926 1062 1084 1145 originem
1108 1062 1258 1145 trahunt,
1291 1062 1434 1128 alterum

366 1170 581 1252 locutionum,
607 1188 693 1254 quae
717 1189 760 1233 ex
781 1167 906 1233 fabulis
928 1168 1111 1250 fluxerunt,
1136 1168 1274 1234 tertium
1294 1174 1432 1235 senten-

368 1276 500 1358 tiarum,
526 1296 613 1361 quae
636 1295 678 1340 ex
702 1274 808 1340 doctis
824 1273 974 1341 fontibus
991 1273 1194 1341 derivandae
1211 1280 1300 1342 sunt.
1341 1276 1432 1357 Quae

368 1382 481 1448 omnia
504 1404 525 1448 a
547 1381 729 1468 proverbiis
753 1382 900 1467 antiquis
924 1384 1101 1465 segregata
1124 1382 1317 1465 singulatim
1342 1385 1377 1449 et
1398 1384 1431 1448 in

368 1489 561 1555 universum
584 1486 761 1554 tractanda
784 1487 865 1554 mihi
888 1489 1052 1574 proposui.

456 1597 506 1662 Ac
548 1596 690 1681 primum
734 1595 910 1681 proverbia
952 1594 1104 1679 vulgaria
1138 1594 1366 1662 enumeranda
1399 1601 1432 1661 et

368 1700 551 1788 spectanda
575 1705 662 1768 sunt.

456 1807 528 1873 166
552 1811 636 1873 Αἴτει
658 1810 712 1872 καί
735 1809 807 1881 τοὺς
831 1810 1016 1892 ἀνδριάντας
1032 1811 1161 1893 dimna:
1185 1811 1314 1874 ἐπὶτῶν
1330 1813 1430 1892 ἀσαμ-

366 1917 495 1980 ποδῶν.

456 2020 519 2086 Ρτο
544 2024 696 2106 conupto
719 2020 815 2087 initio
839 2022 938 2087 huius
963 2042 1081 2087 versus
1104 2020 1238 2088 Nauck:
1272 2021 1431 2088 Philolll

367 2150 397 2213 p.
414 2128 479 2194 158
510 2131 647 2212 αἰτήοεαι
681 2127 854 2214 proposuit
887 2131 921 2193 et
951 2127 1247 2211 interrogationem
1277 2128 1431 2194 restituit.

367 2233 461 2314 Quae
492 2232 681 2300 emendatio
714 2255 796 2300 sane
831 2233 1083 2300 accommodata
1118 2238 1170 2301 est
1201 2234 1246 2300 ad
1275 2234 1430 2317 Diogenis

367 2340 480 2427 Cynici
511 2338 636 2406 dictum
668 2340 798 2406 aPlut
832 2338 872 2405 de
903 2340 962 2406 vit.
990 2339 1066 2427 pud.
1090 2343 1121 2424 7,
1136 2340 1199 2408 531
1226 2342 1252 2406 F
1283 2344 1319 2407 et
1340 2341 1430 2424 Diog.

367 2446 476 2515 Laert.
493 2447 538 2513 VI
552 2446 597 2515 49
621 2450 808 2514 servatum:
832 2451 897 2533 ᾔτει
912 2449 987 2514 ποτὲ
1003 2450 1171 2532 ἀνδριάντα
1189 2499 1195 2513 .
1212 2451 1384 2534 ε’ρωτηδείς
1399 2450 1431 2513 δὲ

368 2558 418 2620 διὰ
441 2559 471 2620 τί
491 2564 582 2622 τοῦτο
604 2564 695 2631 ποιεῖ,
720 2557 861 2631 Melani),
886 2557 980 2631 εἶπεν,
1005 2559 1241 2640 ἀποτυγχάνειν.
1287 2555 1431 2621 Dubium

367 2665 482 2729 autem
512 2683 581 2728 non
613 2665 674 2744 est,
707 2663 789 2749 quin
818 2662 896 2727 huic
927 2662 1110 2748 scripturae
1142 2661 1361 2747 praeferenda
1389 2661 1431 2726 sit

367 2768 504 2852 llrasmi,
528 2769 585 2856 qui
608 2768 661 2850 Ill,
679 2776 709 2850 2,
727 2769 769 2834 89
792 2769 948 2854 praebet:
980 2773 1069 2833 Αἰτεῖ
1088 2794 1123 2852 γε
1144 2771 1198 2833 καὶ
1221 2771 1283 2833 κτλ.
1316 2771 1351 2834 et
1374 2789 1430 2835 ex-

366 2874 484 2961 plicat:
517 2875 605 2940 Sane
637 2875 746 2940 cibum
779 2878 814 2939 et
837 2875 940 2955 signis
965 2875 1007 2941 ab
1031 2875 1112 2961 ipsis
1138 2875 1248 2958 exigit.
1295 2875 1334 2940 ln
1357 2895 1431 2940 eum

367 2980 553 3060 dicendum,
578 2981 635 3066 qui
657 2980 780 3045 nullius
796 2980 953 3046 misertus
969 2981 1200 3068 undecumque
1217 2980 1306 3067 quod
1321 2984 1432 3068 potest

368 3086 483 3153 avellit
506 3085 562 3152 vel
586 3087 629 3152 ab
653 3086 734 3174 ipsis
758 3090 964 3153 mortuorum
988 3089 1120 3154 statuis

455 3193 549 3260 H75
580 3194 725 3276 Ἀμαδὴς
760 3197 933 3278 ἀναξυρίδα
967 3197 1175 3279 περιθέμενος
1208 3203 1284 3260 πᾶσι
1320 3198 1431 3278 ταύτην

366 3302 504 3365 ἐδείκνυε
536 3302 585 3365 ἐπί
612 3307 677 3365 τῶν
700 3302 860 3384 εὑρόντων
882 3304 960 3386 τύχῃ
983 3305 1060 3376 τινά,
1084 3301 1132 3366 ὧν
1156 3304 1215 3366 οὒκ
1239 3303 1320 3385 ἦσαν
1344 3305 1430 3376 ἄξιοι.

456 3407 527 3472 Ηοο
550 3405 676 3473 dictum
700 3408 803 3473 etiarn
825 3408 861 3472 in
876 3406 1000 3473 Aldina
1024 3407 1082 3473 col.
1099 3407 1141 3472 29
1165 3409 1344 3474 invenitur.
1382 3406 1432 3472 Ex

365 3511 540 3598 Apostolio
572 3514 716 3599 sumpsit
738 3511 772 3579 id
795 3512 968 3579 Katziules
992 3512 1144 3599 (Polites:
1168 3513 1250 3580 Bibl.
1273 3513 1354 3580 Mar.
1377 3516 1430 3593 A')

366 3619 453 3703 p.72
475 3641 506 3686 n.
534 3620 605 3704 171,
647 3620 704 3707 qui
735 3618 900 3707 duplicem
931 3612 1187 3707 explicationem
1219 3620 1335 3686 habet:
1363 3621 1431 3685 Ἐπὶ

365 3731 430 3790 τῶν
461 3728 493 3790 δι’
518 3729 659 3811 ἀπειρίαν
683 3731 736 3792 καί
759 3730 943 3803 ἀλαζονείαν
965 3730 1003 3791 τὰ
1027 3730 1153 3813 ἀπρεπῆ
1177 3729 1431 3813 δημοσιεοόνταιν

365 3837 386 3915 ἢ
418 3834 467 3896 ἐπὶ
499 3840 562 3898 τῶν
592 3837 830 3916 εὐπορούντων,
866 3834 913 3899 ὧν
945 3838 1004 3898 οὔκ
1038 3838 1112 3899 εἰσιν
1143 3838 1231 3909 ἄξιοι.
1286 3833 1432 3913 Quarum

366 3938 454 4024 prior
483 3939 589 4004 multo
622 3941 730 4025 aptior
761 3944 814 4007 cst
845 3961 947 4026 quam
970 3941 1131 4027 posterior
1155 3943 1189 4006 et
1213 3939 1432 4026 Apostoliana

366 4047 402 4110 et
433 4043 505 4110 sola
527 4049 620 4112 recta
643 4066 716 4111 esse
739 4046 880 4113 videtur.
927 4046 1076 4114 Eandem
1100 4047 1260 4113 Erasmus
1282 4047 1429 4132 praebet,

366 4150 424 4237 qui
447 4151 605 4235 111,4,52
628 4152 881 4239 interpretatur:
914 4154 1090 4241 Imperitus
1114 4153 1357 4238 subligaculum
1379 4154 1430 4219 in-
