3217 5025
780 566 996 631 ..32-

359 747 530 816 <οὓοίοις>
546 754 611 809 τῶν
626 745 798 824 ἀλλοτρίων
816 745 851 807 δι’
871 746 1015 827 ἁρπαγῆς
1031 745 1227 825 αὐξομένων.
1255 741 1431 806 Invenitur

360 851 461 916 etiam
483 851 518 915 in
543 849 613 916 coll.
630 848 744 915 Warn.
760 870 790 935 p.
809 849 852 914 58
868 870 893 915 s,
909 870 940 915 v.
961 850 1093 933 ὃράκος;
1110 850 1148 911 Ἃ
1165 850 1200 913 δὲ
1215 855 1279 932 ρᾶς
1295 850 1427 932 δράκον,

363 960 482 1041 ὂράκος
506 959 540 1023 δὲ
563 960 686 1040 γίνεοαι.

447 1064 522 1129 XIII
538 1062 581 1129 84
597 1064 705 1146 ’Όψον
729 1065 855 1146 ἄριστον
876 1065 975 1133 πόνος
997 1069 1044 1145 τῷ
1067 1064 1166 1146 γήρᾳε
1190 1062 1235 1125 ὅτι
1259 1062 1309 1125 δεῖ
1319 1068 1430 1125 πονεῖν

360 1174 393 1235 ἒν
416 1173 543 1254 νεότητι,
567 1173 616 1234 ἵνα
639 1170 722 1251 πρὸς
744 1178 843 1253 γῆρας
866 1172 932 1253 ἔχῃ.

447 1275 674 1342 Derivaudum
709 1295 782 1339 csse
818 1273 949 1340 videtur
979 1295 997 1339 e
1029 1273 1131 1355 dicto,
1167 1273 1254 1359 quod
1287 1271 1427 1338 diversis

361 1382 554 1449 auctoribus
585 1380 743 1447 tribuitur
773 1378 826 1467 (cf.
851 1380 994 1466 adnot.):
1022 1382 1062 1446 ‘O
1084 1381 1178 1451 αὐτὸς
1201 1382 1280 1445 ἰδὼν
1303 1383 1429 1444 νεανίαν

360 1492 593 1573 φιλοπονοῦντο
629 1491 690 1573 ἔφη
718 1505 725 1519 ·
752 1490 915 1554 κάλλιπον
953 1491 1038 1570 ὄψον
1074 1495 1121 1571 τῷ
1156 1489 1264 1570 γήροτι
1297 1488 1428 1570 ἀρτύεις.

359 1596 527 1678 Erasmus,
562 1595 619 1681 qui
641 1594 694 1676 III,
717 1594 747 1679 3,
766 1594 808 1660 65
844 1593 1004 1679 explicat:
1047 1595 1218 1680 Optimum
1252 1594 1429 1678 opsonium

360 1702 525 1768 senectuti
548 1700 651 1785 labor,
677 1702 833 1785 opinatus
858 1703 910 1766 ast
934 1699 1091 1783 adagium
1113 1699 1269 1765 mutilum
1293 1719 1367 1764 esse
1392 1702 1428 1764 et

360 1808 569 1874 scribendum
593 1811 690 1872 πόνει.

447 1914 523 1979 XIII
538 1914 611 1979 Sta
641 1915 752 1979 Πάντα
784 1914 838 1978 τὸν
868 1917 949 1997 βοῦν
979 1917 1077 1997 ἔφαγε
1107 1917 1133 1977 κ’
1167 1917 1210 1984 εἷς
1242 1914 1299 1997 τὴν
1326 1913 1427 1995 οὐρὰν

360 2024 536 2105 ἀπέκομενε
560 2024 610 2085 έπὶ
632 2030 696 2085 τῶν
719 2023 908 2085 τελεσάντων
930 2021 966 2084 τὸ
989 2023 1095 2085 πλεῖον
1110 2023 1209 2103 μέρος
1223 2020 1305 2090 τινὸς
1321 2022 1428 2102 ἔργου,

358 2135 415 2192 τοῦ
438 2130 550 2193 λοιποῦ
575 2129 685 2193 δὲκαὶ
708 2130 846 2211 βραχέος
869 2128 1108 2211 ὀλιγορούντων.

447 2233 519 2299 Ηοο
559 2255 690 2320 quoque
724 2234 935 2318 proverbium
968 2233 1126 2299 Erasmus
1161 2233 1265 2299 vortit
1298 2235 1333 2298 et
1367 2253 1426 2296 ex-

358 2340 495 2426 plicavit
511 2340 563 2423 Ill,
580 2341 609 2423 3,
628 2340 686 2406 68:
710 2340 794 2406 Toto
819 2339 979 2407 devorato
1002 2340 1090 2406 bove
1113 2340 1148 2404 in
1172 2338 1279 2405 cauda
1295 2337 1427 2406 deiecit.

358 2447 430 2514 Hoc
443 2450 495 2514 cst
506 2447 632 2534 reliquo
644 2449 779 2531 negotio
792 2451 927 2534 peracto
940 2448 974 2513 in
988 2450 1135 2514 extremo
1148 2446 1218 2511 fine
1236 2445 1428 2513 delassatus

359 2557 420 2621 est.
432 2595 476 2603 —
488 2554 614 2620 Versus
630 2558 711 2620 sunt
726 2555 885 2621 trochaici
899 2554 1086 2641 Byzantini.
1109 2553 1199 2620 Idem
1215 2553 1429 2639 proverbium

359 2661 458 2748 paulo
473 2661 562 2727 infra
577 2663 691 2748 Apost.
708 2662 783 2727 XIII
799 2663 842 2728 97
858 2663 979 2727 iterum
996 2661 1151 2727 occurrit:
1172 2661 1269 2725 Πάντ’
1288 2661 1426 2744 ἒνταγὼν

358 2770 413 2833 τὸν
443 2772 524 2853 βοῦν
551 2770 625 2843 κτλ,
656 2769 714 2834 ubi
743 2768 924 2833 iambicum
950 2767 1149 2854 rhythmum
1181 2767 1277 2853 sapit.
1330 2765 1426 2831 Hanc

358 2876 546 2940 versionem
569 2875 693 2959 recepit
715 2874 857 2940 Katziul.
881 2895 913 2940 n.
932 2873 1025 2939 1918.
1071 2874 1250 2940 Praeterea
1261 2872 1296 2938 in
1312 2872 1427 2939 multis

359 2980 432 3047 aliis
457 2979 707 3053 collectionibus
730 2981 908 3047 invenitur.
948 2980 1059 3046 (lodex
1082 2981 1108 3046 F
1131 2981 1250 3047 habet:
1270 2980 1367 3045 Ὅλον
1390 2980 1424 3043 τὸ

358 3091 460 3171 βόϊόιν
476 3091 574 3171 ἔφαγε
589 3089 643 3152 καὶ
659 3090 701 3158 εἰς
711 3088 768 3170 τὴν
780 3090 880 3172 οὐρὰν
893 3091 1065 3173 ἀπεοτάῦη,
1079 3091 1113 3153 et
1126 3086 1255 3153 codices
1268 3085 1394 3152 GHIK
1399 3084 1428 3149 L

360 3194 577 3259 consentiunt
611 3195 645 3259 in
669 3193 850 3279 scriptura:
874 3197 984 3266 Ἄλλος
1007 3198 1105 3278 ἔφαγε
1127 3195 1181 3258 τὸν
1204 3197 1285 3277 βοῦν
1307 3194 1361 3257 καὶ
1384 3194 1425 3263 εἷς

358 3302 414 3384 τὴν
449 3302 549 3384 οὐρὰν
583 3302 765 3385 ἀπεστάῦην
799 3300 948 3387 (Krumb.
982 3300 1055 3383 Mgs
1078 3322 1107 3386 p.
1128 3302 1181 3383 77,
1205 3299 1277 3381 118,
1306 3299 1369 3364 140
1392 3301 1429 3363 et

357 3407 425 3476 Pol.
438 3408 461 3488 l,
476 3407 516 3494 7).
545 3407 649 3473 Paulo
667 3406 781 3472 differt
797 3409 960 3495 scriptura
976 3407 1044 3473 cod.
1060 3407 1090 3471 N
1105 3427 1137 3472 n.
1154 3406 1174 3471 3
1190 3406 1269 3488 (Pol.
1285 3407 1299 3470 l
1314 3426 1344 3491 p.
1357 3403 1425 3489 34),

359 3515 417 3599 qui
438 3513 593 3600 praebet:
617 3515 682 3578 Καὶ
706 3516 799 3585 ἄλλος
823 3518 921 3599 ἔφαγε
943 3516 978 3578 τὸ
1002 3515 1124 3597 βοΐδιον
1147 3515 1221 3578 ὅλον
1244 3514 1298 3577 καὶ
1312 3515 1355 3582 εἰς
1370 3514 1426 3594 τὴν

359 3623 459 3705 οὐρὰν
482 3624 655 3704 ἀπεοτάῦη,
688 3619 746 3685 ubi
774 3621 861 3686 siout
887 3621 923 3687 in
953 3619 1113 3687 Planudis
1137 3641 1167 3686 n.
1188 3619 1221 3684 l:
1247 3619 1346 3684 Ὅλον
1372 3619 1426 3682 τὸν

358 3730 437 3810 βοῦν
472 3731 569 3810 ἔφαγε
572 3776 582 3803 ,
621 3728 701 3792 κατὰ
742 3729 776 3792 δὲ
810 3729 867 3812 τὴν
900 3730 1017 3808 κέρκον
1051 3729 1249 3811 ἀπηγόρευσε
1282 3727 1426 3790 metrum

359 3832 546 3899 diruturum
581 3837 639 3899 est.
686 3834 724 3897 ln
759 3854 826 3898 uno
866 3854 998 3920 quoque
1025 3833 1199 3919 proverbio
1223 3831 1429 3898 collectionis

279 3965 282 3970 ·
358 3937 472 4004 Warn.
497 3939 558 4004 bos
582 3938 766 4005 comeditur
788 3960 818 4025 p.
835 3940 880 4006 44
903 3962 928 4005 s,
944 3962 975 4006 v.
999 3942 1071 4023 βόόι
1094 3939 1276 4005 ο.1;Ὅλο
1299 3940 1334 4003 τὸ
1354 3940 1429 4022 βόόι

359 4049 504 4129 ε’φάγαμε
527 4048 580 4109 καὶ
603 4047 678 4129 στὴν
701 4048 802 4129 οὐρὰν
826 4049 1032 4132 ἀπομείναμε,
1055 4046 1091 4110 in
1115 4045 1219 4113 altero
1245 4048 1282 4111 ut
1301 4046 1336 4110 in
1352 4044 1429 4110 aliis

357 4151 549 4235 neograeois
580 4151 762 4238 proverbiis
794 4155 910 4220 asinus
942 4174 972 4239 p.
995 4152 1039 4217 46
1068 4175 1092 4219 ε.
1116 4175 1146 4219 v.
1171 4155 1311 4236 γάόαρος
1333 4173 1365 4217 n.
1389 4153 1430 4217 7:
