3217 5025
776 572 998 639 ..62-

384 748 462 816 XVI
473 750 517 815 22
543 752 750 837 Ταυροπόλας
768 752 950 835 Ἀρτέμιδος
971 752 1141 834 ταχύτερος

474 858 517 924 23
543 859 706 923 Τελενίκου
729 861 912 942 πενέστερος

474 961 518 1029 24
543 966 719 1049 Τελμισσεῖς
742 969 882 1030 οἶκούσιν
906 966 941 1029 ἒυ
964 964 1071 1047 Καρίᾳ

473 1070 517 1137 26
543 1073 685 1144 Τενέδιος
707 1074 884 1156 συνήγορος

475 1178 518 1244 27
544 1180 734 1263 Τερεβίνύου
759 1179 965 1263 ἀνοητότερος

474 1284 517 1351 37
543 1286 681 1368 Τέττιγος
703 1286 924 1369 εὐφωνότερος

477 1390 520 1457 38
545 1392 770 1477 Τεττιγοφύρος
793 1391 822 1457 εῖ

476 1496 519 1565 39
544 1499 694 1582 Τεττίγων
717 1499 885 1582 ἀνάμεστοι

473 1604 519 1671 40
544 1607 705 1682 Τευτάζειν
727 1607 835 1689 βούλει
856 1605 911 1669 τὸν
933 1606 1111 1687 ἄνθρωπον

472 1712 518 1778 44
543 1714 607 1797 Τήν
625 1714 790 1778 Ἀκεσαίου
814 1714 946 1796 σελήνην

474 1819 517 1885 47
543 1820 607 1903 Τὴν
630 1821 761 1904 ἐξούλης
784 1820 876 1902 δίκην
898 1820 1024 1903 φεύγεις

474 1925 519 1991 64
543 1927 605 2009 Τῆς
625 1927 748 2011 μητρὸς
771 1927 818 1997 ὡς
841 1929 893 2000 αἲξ
914 1926 1049 1990 καλεῖται

474 2030 517 2097 62
543 2034 622 2117 Τιμή
646 2034 681 2097 Γ
676 2033 791 2118 εράνης

474 2137 517 2205 69
543 2140 684 2205 Τιτανίδα
707 2146 870 2223 παροικεῖς

473 2244 517 2311 76
543 2247 654 2311 Τιτυοῦ
677 2272 712 2311 σε
734 2249 909 2329 παραμένει
930 2246 985 2309 καὶ
1002 2246 1130 2319 Ἰξίονος
1152 2245 1342 2328 κολαστήρια

473 2350 517 2417 89
543 2353 614 2425 Τοῖς
636 2361 748 2424 κακοῖς
770 2354 835 2435 τρίς
858 2353 897 2416 τὰ
918 2352 1003 2415 κακά

475 2458 519 2526 94
544 2461 606 2526 Τὸν
628 2461 769 2545 πόλεμον
792 2460 1014 2544 ἕξωχρήσαντο

368 2565 461 2632 XVH
473 2567 517 2633 24
541 2569 570 2632 Τ
566 2570 692 2651 ροχίλος
713 2569 884 2652 θεραπεύει
906 2567 1112 2651 κροκόδειλον

473 2673 517 2739 28
543 2676 653 2758 Τρίτων
676 2682 836 2758 κρατῆρος
859 2674 1006 2755 έγεύσω·

474 2779 517 2846 29
543 2782 699 2865 Τραγικδν
721 2783 830 2852 πάθος

474 2886 518 2953 30
543 2888 722 2971 Τροφονίου
746 2889 826 2952 κατὰ
850 2893 908 2970 γῆς
931 2888 1056 2969 παίγνια

474 2991 518 3059 34
543 2994 717 3078 Τρικέφαλε
739 2994 773 3057 Γ
768 2994 889 3079 ηρυύνη

474 3098 518 3165 60
537 3100 753 3187 Ὑδροφορίαν
776 3102 861 3182 ἄγεις

473 3206 514 3272 81
545 3207 711 3290 Φεραύλας
732 3209 862 3292 βληθεὶς
886 3208 1014 3290 οὐδαμῇ
1036 3208 1234 3289 μετεστράφη

473 3312 517 3378 84
544 3315 633 3379 Φιλία
656 3316 845 3400 παρδάλεως

354 3418 461 3485 XVIII
493 3420 516 3486 9
540 3422 778 3506 Χαμαιλέοντος
801 3421 1094 3504 εύμεταβολώτερος

477 3526 517 3593 18
540 3528 656 3611 Χορδν
677 3529 861 3611 πυραύστου
885 3530 1002 3610 χαίρεις

474 3633 518 3699 34
540 3635 714 3719 Χρηστοῖσι
736 3636 810 3700 κυσὶ
832 3632 987 3717 συμφορὰ
1009 3633 1072 3696 κτλ.

472 3739 517 3804 48
547 3742 709 3825 Ψάφωνος
731 3742 861 3824 ὄρνιθες

475 3845 518 3912 59
537 3848 677 3933 Ὠμητής
698 3848 857 3918 Διόνυσος

473 3951 517 4018 63
537 3954 735 4039 Ὡραιότερος
753 3954 927 4017 Ὑακίνθου

474 4059 518 4126 64
537 4060 736 4144 Ὡραιύτερος
759 4063 988 4143 πορφυρίωνας

474 4165 518 4231 68
537 4166 591 4237 Ὡς
612 4174 668 4232 τοῦ
695 4168 818 4237 Φινέως
840 4167 893 4231 τὸν
915 4168 986 4249 βίον

473 4272 518 4339 70
535 4273 654 4356 Ὥσπερ
677 4275 894 4357 ἑωλοκρασίαν
915 4297 981 4356 μου
1004 4276 1165 4355 καταχέεις
