3217 5025
629 640 763 716 ..'69
809 688 854 699 ..

230 828 250 895 6
267 831 360 894 Ἄλλο
379 832 443 895 ’ναι
466 830 501 897 τὸ
525 829 564 894 νὰ
587 830 641 896 nal
659 830 751 894 ’ὂέιο
766 831 821 894 καὶ
844 830 920 894 ἄλλο
931 832 994 895 ’ναι
1010 830 1045 894 τὸ
1061 829 1099 894 νὰ
1115 831 1173 894 καὶ·
1184 830 1277 913 φάτο.

102 958 108 967 ·
229 937 250 1003 ’λ
274 937 417 1002 Δέσποτα
440 937 532 1002 ποπὰ
554 938 724 1021 πρεσβύτα·
738 938 943 1020 ἔπαιρνειιολ
965 938 1066 1001 πάνια
1090 938 1176 1020 ζήτο.

230 1042 251 1107 8
276 1044 421 1128 Τοῦρκον
437 1043 516 1115 εἶδες
532 1045 638 1128 ἄοπρα
654 1044 739 1109 θέλει
754 1045 809 1107 καὶ
824 1045 919 1108 ἄλλον
935 1043 1014 1115 εἶδες
1029 1044 1082 1108 καὶ
1094 1044 1171 1107 ἄλλο
1183 1044 1276 1108 θέλει.
1342 1040 1345 1045 ’

230 1148 375 1215 9Ὀποῦ
406 1151 457 1215 ναὶ
487 1150 600 1224 ἀπόξω
628 1158 684 1215 τοῦ
701 1157 816 1234 -χοροῦ
847 1151 948 1215 πολλὰ
970 1150 1141 1235 ιρογούὸια
1156 1150 1277 1234 ’ξεύρει

211 1256 252 1324 10
279 1256 367 1322 Θέλει
389 1257 477 1340 λάχει
498 1258 553 1322 καὶ
574 1263 631 1321 τοῦ
654 1258 773 1342 γλάροο
797 1243 902 1342 σηπλ.

147 1431 149 1435 ,
209 1364 248 1432 11
276 1365 436 1440 Τζίτζικας
459 1364 598 1449 ἕλάλησε,
620 1365 729 1449 μαύρη
755 1366 846 1449 ῥῶγα
869 1364 984 1430 ὖάλιοε.

211 1471 251 1538 12
275 1472 336 1535 Δὲν
359 1471 435 1536 εἶναι
457 1472 558 1536 ἐκεῖνο
582 1473 721 1555 ὅμορφο,
741 1472 805 1545 ,6πῖ
822 1473 954 1556 ὄμορφο
975 1471 1011 1535 τὸ
1034 1473 1108 1536 λέοι.
1294 1490 1323 1545 f)
1341 1488 1388 1544 38’

210 1577 251 1643 13
271 1577 312 1643 ‘O
333 1578 464 1662 φτωχὸς
493 1579 529 1643 τὸ
560 1580 670 1662 ῥοῦχο,
692 1604 749 1643 του
779 1585 861 1661 τρεῖς
891 1584 1008 1662 φοραῖς
1037 1578 1074 1642 τὸ
1104 1579 1194 1661 χαίρε
1224 1578 1278 1646 καὶ

274 1685 474 1768 καινούργειο
497 1686 551 1752 καὶ
572 1687 688 1750 παλαίο
711 1686 765 1749 καὶ
787 1692 973 1768 καινουργεῖ
992 1685 1128 1768 ὀμπάλω
1151 1709 1195 1750 ιο.
1285 1739 1290 1747 .

211 1789 252 1856 14
277 1792 464 1875 Τζογγάρης
487 1793 693 1867 ἀξυπόλυτος,
718 1793 841 1876 ῥάφτης
862 1794 1095 1878 ποραλομένος.

211 1898 251 1964 15
274 1899 378 1971 Ποῖος
400 1908 491 1981 πεινᾷ
513 1900 570 1982 τὴν
592 1899 678 1983 νύφη
701 1924 774 1983 μας,
790 1900 878 1983 παρὰ
894 1902 914 1983 ἡ
930 1900 1063 1983 τζίμπλπ
1079 1901 1098 1983 ἡ
1114 1900 1200 1964 πάνα
1214 1906 1278 1984 τῆς.

211 2003 252 2070 16
270 2006 351 2071 Ἀλελ
373 2006 427 2071 τὸν
444 2008 577 2089 δέρνοον
594 2007 742 2073 ὁοκοκτὼ
758 2007 813 2071 καὶ
833 2008 886 2071 ὁὲν
901 2007 955 2071 τὸν
972 2007 1074 2089 ὃέρνει
1089 2008 1107 2072 ὁ
1121 2012 1198 2078 νοῦς
1212 2031 1279 2078 του.

212 2110 252 2178 17
267 2113 319 2203 Ἀἱ
341 2119 487 2195 γυναῖκες
510 2115 605 2197 ἔχουν
626 2114 758 2198 μοιιροὰ
780 2113 896 2197 μαλλιὰ
919 2114 973 2178 καὶ
996 2114 1082 2196 λίγον
1101 2114 1233 2197 μναλόν.

212 2217 253 2285 18
270 2219 368 2284 Ὅταν
396 2220 531 2304 ὀρνιοθῇ
562 2222 581 2284 ὁ
611 2221 689 2291 θεὸς
718 2222 775 2304 τὴν
801 2222 970 2304 μέρμιγγο,
1001 2226 1057 2285 τοῦ
1080 2221 1156 2285 ὃίνει
1179 2220 1279 2304 φιερὰ

276 2327 331 2412 καὶ
352 2335 440 2409 πετᾷ.

212 2432 252 2499 19
270 2433 396 2498 Ἤθελε
418 2434 458 2499 νὰ
481 2434 570 2518 κάμῃ
586 2433 641 2500 ,τὸν
657 2434 793 2519 οεοιυρόν
808 2458 865 2500 τοο
880 2435 934 2498 καὶ
949 2435 1060 2517 εὔγαλε
1074 2434 1110 2498 τὸ
1124 2435 1199 2518 μάτι
1213 2458 1281 2499 τοο.

210 2539 253 2606 20
275 2541 367 2626 Μηό’
387 2542 405 2605 ὁ
418 2542 566 2625 διάβολος
582 2543 772 2626 σ’ἀπονιήξῃ
781 2543 867 2626 μηδέ
877 2542 932 2606 τὸν
944 2543 1079 2624 σταυρόν
1092 2566 1150 2606 σου
1163 2543 1280 2625 κάμῃς.

210 2646 250 2711 21
272 2647 344 2712 Ἀλὺ
366 2654 431 2713 ποῦ
454 2648 489 2713 τὸ
512 2673 560 2732 χει
583 2651 602 2732 ἡ
627 2648 710 2732 ῥάχη
733 2673 798 2723 ιον,
823 2649 862 2713 νὰ
886 2649 1056 2733 κοιηβάζει
1078 2651 1211 2732 ψείραις.

210 2754 253 2819 22
280 2755 362 2820 Τόοο
386 2757 450 2839 ἔχει
473 2756 491 2820 ὁ
515 2756 645 2839 φτωχὸς
667 2756 723 2839 τὴν
747 2756 862 2839 ὄρνιθά
884 2781 951 2830 τοο,
975 2756 1064 2820 ώσάν
1088 2757 1106 2820 ὁ
1129 2758 1229 2840 ὄρχος
1243 2756 1281 2820 τὸ

277 2863 371 2944 βοῦόι
393 2887 459 2927 τοο.

210 2967 253 3034 23
276 2969 362 3053 Πρὶν
394 2970 433 3033 νὰ
465 2970 534 3054 ἴδῃς
563 2968 618 3034 τὸν
649 2969 798 3053 διάβολον
821 2969 951 3053 κάμνεις
973 2969 1028 3034 τὸν
1052 2971 1188 3055 σταυρόν
1211 2994 1280 3035 οοο.

210 3073 255 3139 24
274 3075 389 3159 Ὑγιεία
414 3101 472 3141 σου
491 3077 604 3160 Ἰάννη.
650 3077 776 3142 Κοοκία
800 3101 859 3142 σου
883 3079 1020 3160 οπέρνω.

148 3218 150 3223 >
211 3181 254 3247 25
276 3183 352 3247 Ποῦ
376 3184 430 3248 ὁὲν
452 3184 538 3247 θέλει
561 3184 600 3247 νά
624 3186 758 3268 ζυμώσῃ
782 3186 872 3248 πέντε
893 3185 1006 3268 μέροις
1029 3185 1204 3259 κοσκινίζει.

211 3288 254 3355 26
274 3289 314 3354 Ὁ
336 3288 447 3372 καιρὸς
469 3291 523 3353 καὶ
545 3290 581 3353 τὰ
606 3291 704 3374 ἄχερο
728 3291 886 3374 ῥιμάζουν
908 3298 974 3362 τοῖς
997 3291 1138 3375 ἀχλάὸες.

211 3395 254 3460 27
280 3394 344 3478 Τὴν
367 3396 506 3479 οιροβὴν
529 3398 572 3467 εἰς
587 3397 774 3482 ι’ἀιιρωτῆρι
790 3397 1044 3481 γοϊτονοφροόοὺ
1059 3398 1116 3482 τὴν
1131 3398 1282 3480 κράζουν.

212 3501 255 3566 28
273 3501 371 3567 Ὅιαν
395 3503 476 3586 διψᾷ
498 3506 518 3588 ἡ
542 3504 622 3586 αὐλή
647 3527 705 3568 σου
729 3506 797 3577 ὄξω
821 3505 894 3587 νερὸ
917 3505 963 3587 μὴ
987 3505 1097 3588 χαύῃς.

212 3608 255 3674 29
281 3610 343 3694 Τῆς
365 3610 481 3681 νύκτας
503 3610 540 3674 τὰ
563 3611 746 3694 κομώμοιο
769 3611 806 3674 τὰ
829 3612 936 3694 βλέπει
957 3614 1042 3696 μέροι
1065 3610 1119 3675 καὶ
1142 3611 1224 3693 γελᾷ.

212 3715 256 3780 30
273 3717 350 3781 Ἐὰν
371 3717 470 3801 μιλεῖς
492 3718 546 3781 καὶ
568 3717 622 3782 ὁὲν
646 3719 816 3783 οάκούονν
841 3720 960 3792 ξείνασε
983 3719 1056 3783 στὸν
1077 3718 1180 3801 μύλον
1196 3717 1281 3783 εἶναι.

662 3912 833 3979 Monsieur

213 4034 337 4119 Agrbez
370 4058 406 4103 οε
426 4036 512 4123 petit
534 4036 649 4103 mscrit
672 4038 753 4103 <ierit
776 4036 817 4103 de
840 4037 874 4103 la
897 4038 988 4113 main
1012 4040 1052 4105 de
1076 4041 1189 4104 vostre
1212 4040 1283 4104 trbs

213 4140 348 4208 humble
372 4143 538 4210 seruiteur

303 4247 428 4316 Adrian
451 4249 625 4317 Paruillier
648 4250 688 4317 de
712 4251 746 4316 la
769 4250 880 4337 Comp.
904 4249 945 4316 de
968 4250 1056 4317 Ihus,
