3217 5025
692 1433 1057 1522 APPENDlX.

821 1618 928 1626 ——-

428 1704 501 1771 Hoo
522 1703 594 1771 loco
617 1703 813 1771 Hermodori
826 1704 945 1788 eregii
960 1703 1163 1789 Adagiorum
1179 1703 1409 1772 collectionem

340 1810 463 1898 publici
484 1811 565 1877 iuris
588 1811 710 1878 faciam
733 1810 786 1894 (ol.
808 1811 908 1897 praei.
924 1833 955 1897 p.
970 1812 1011 1895 2),
1035 1833 1126 1899 quae·
1146 1811 1255 1879 adhuc
1278 1812 1343 1878 nisi
1365 1833 1409 1878 ex

341 1915 510 1984 Glossario
533 1918 588 1984 Du
600 1917 715 2002 [langii
737 1918 888 1985 nondum
910 1921 993 1985 nota
1016 1921 1097 1985 erat
1142 1919 1191 1985 De
1203 1918 1408 1986 Hermodoro

341 2027 456 2091 autem
480 2025 775 2114 paroemiogrepho
799 2024 870 2092 fere
892 2025 976 2091 nihil
999 2026 1131 2093 scimus.
1176 2025 1302 2092 Polites
1324 2025 1407 2094 Bibl

341 2130 421 2197 Mar.
445 2134 467 2198 t.
491 2134 508 2199 I
530 2153 560 2219 p.
584 2132 627 2199 26
658 2135 757 2220 putat
788 2152 866 2198 enm
892 2132 940 2200 17.
964 2132 1099 2200 saeculo
1123 2131 1249 2199 vixisse
1273 2136 1308 2199 et
1330 2153 1408 2218 pro-

340 2238 457 2305 verbia
480 2259 523 2304 err
545 2238 637 2322 vulgi
653 2259 709 2305 ore
725 2239 907 2322 collegisse.
944 2239 1016 2306 Hoc
1031 2259 1115 2306 sane
1130 2259 1288 2322 magnam
1303 2238 1410 2306 hcbet

342 2345 592 2413 similitudinem
621 2347 699 2429 veri,
730 2366 810 2411 nam
839 2348 915 2412 toto
946 2347 1073 2432 species
1101 2350 1136 2413 et
1158 2365 1266 2412 sermo
1290 2345 1409 2412 horum

341 2452 506 2520 dictorum
534 2453 653 2541 probat
684 2451 857 2538 vulgarem
888 2454 1055 2537 originem.
1101 2453 1252 2540 Itemque
1282 2452 1408 2520 Polites

341 2564 430 2629 recte
445 2561 646 2629 iudicavisse
662 2561 804 2645 videtur,
829 2583 905 2628 cum
921 2560 1026 2628 drusii
1041 2562 1246 2629 sententiam
1260 2562 1407 2646 reiceret,

342 2670 399 2756 qui
421 2670 556 2755 putavit
572 2669 644 2751 (Rh.
659 2669 702 2735 M.
718 2669 761 2736 43
778 2691 808 2755 p.
821 2668 898 2751 478)
923 2668 1134 2755 Apostolium
1157 2690 1200 2735 ex
1215 2667 1410 2734 Hermodori

341 2775 460 2858 Rhogii
482 2775 619 2859 Adegiis
654 2776 817 2843 hausisse.
870 2774 958 2841 Nem
992 2774 1057 2842 hac
1092 2775 1303 2842 collectiones
1337 2777 1408 2840 tnnr

343 2882 496 2948 diversae
519 2886 600 2949 sunt
621 2884 709 2949 inter
732 2904 777 2966 se,
801 2885 840 2948 ut
862 2882 975 2970 putari
990 2903 1059 2948 non
1074 2883 1182 2969 possit
1197 2882 1409 2969 Apostolium

342 2989 427 3055 haec
449 2989 625 3075 proverbia
649 2990 855 3072 cognovisse.

431 3202 491 3269 Ms.
514 3203 672 3285 llanpcis
695 3242 738 3251 --
761 3222 792 3268 n.
809 3201 897 3270 9467
920 3241 960 3249 -
986 3200 1023 3267 ff.
1040 3200 1180 3268 38-39.

432 3416 832 3504 Lettres-Suscription:
862 3416 894 3480 A
916 3415 1085 3481 Monsieur
1115 3412 1156 3479 de
1179 3412 1302 3479 Brieux
1331 3415 1365 3479 et
1388 3418 1410 3479 a

237 3539 320 3596 139³
343 3525 421 3590 tous
445 3524 494 3589 les
517 3523 696 3590 Messieurs
721 3522 761 3589 de
784 3519 984 3587 l’Academie
1009 3525 1030 3585 c
1054 3519 1153 3586 Oeen.

237 3646 258 3701 f.
277 3647 314 3701 38
432 3628 563 3713 Adogia
586 3629 725 3696 collecto
747 3650 769 3694 e
791 3629 829 3695 R.
845 3628 881 3696 P.
896 3625 1099 3693 Hermodoro
1117 3625 1252 3708 Rhegio.

347 3736 362 3800 1
388 3737 444 3800 Νὰ
473 3738 580 3821 ξευρὲς
603 3738 640 3801 τὰ
664 3739 768 3820 ξεύρω
792 3738 857 3818 ἐγὼ
881 3736 1035 3817 &delapso
1057 3735 1094 3798 τὰ
1118 3735 1220 3818 ξεύρει
1243 3735 1274 3797 οἱ
1297 3734 1365 3797 δύο.

345 3842 366 3907 2
384 3842 465 3907 “Oia
487 3844 524 3906 τὰ
547 3845 661 3908 novici
685 3845 868 3927 ὃιαβαίνουν
887 3843 941 3906 καὶ
957 3843 988 3906 οἱ
1002 3843 1202 3925 σπουργίταις
1217 3841 1408 3923 ἀπομένουν.

345 3949 365 4014 3
390 3950 454 4020 Δὸς
476 3949 588 4031 καιρὸν
610 3952 664 4014 καὶ
685 3952 784 4033 μέτρα
807 3952 919 4032 pillea.

344 4057 437 4128 4Ἃς
460 4058 621 4139 ἀπαντήξῃ
644 4058 848 4139 μεθυσμὲνος
869 4057 922 4120 καὶ
944 4056 989 4138 μὴ
1013 4055 1275 4138 παραδινημένος.

346 4162 460 4227 5Ἓνα
483 4162 601 4246 χρόνον
623 4163 744 4226 (inludo
767 4164 857 4225 πέντε
880 4162 1017 4244 χρόνους
1041 4163 1150 4245 ἔρημο.
