3217 5025
758 582 979 648 ..20-

423 760 514 826 idem
537 760 628 846 apud
651 759 837 826 Planudem
861 781 892 826 n.
909 760 974 826 276
993 760 1079 844 (275)
1106 761 1234 824 exstat:
1257 759 1401 842 Ποίησόν

333 894 375 952 με
398 871 530 943 ἔνοικον,
542 870 603 938 λίνα
628 893 662 933 σε
677 870 803 950 ποιήσω
820 870 952 942 ἔξοικον,
975 864 1063 954 quod
1079 866 1214 932 Orusius
1231 887 1273 931 ex
1287 865 1401 931 fabula

334 977 454 1040 natum
478 994 552 1040 esse
577 976 693 1040 censet
707 973 727 1039 l.
744 995 769 1039 s.
785 994 815 1059 p.
827 972 904 1041 424.
942 974 1100 1040 erasmus
1116 973 1169 1057 III,
1185 972 1217 1056 4,
1238 972 1278 1037 10
1302 971 1400 1037 aliam

335 1081 593 1167 explicationem
624 1079 759 1165 profert,
796 1102 873 1145 cum
901 1080 1005 1146 dicat:
1038 1079 1182 1146 Advena
1203 1078 1401 1165 inquilinum

335 1186 605 1253 subaudiendum
629 1185 805 1270 διέξεβαλεν
827 1187 847 1252 i.
871 1207 898 1252 e.
922 1187 1027 1252 eiecit.
1073 1186 1162 1251 Usus
1184 1184 1294 1268 fuerit,
1327 1206 1401 1250 cum

335 1293 465 1360 alienae
481 1292 697 1379 professionis
710 1292 814 1359 alium
828 1293 864 1358 in
881 1293 1013 1379 propria
1029 1293 1135 1359 vincit
1149 1296 1231 1375 arte,
1248 1331 1292 1338 —
1316 1313 1400 1378 quae

334 1404 450 1466 tamen
473 1400 649 1485 explicatio
666 1398 794 1465 nullam
810 1399 914 1466 habet
930 1397 1261 1466 verisimilitudinem.
1299 1399 1400 1463 Immo

334 1527 414 1573 vero
438 1507 628 1592 putaverim
652 1508 716 1573 hoo
737 1507 950 1592 proverbium
976 1506 1101 1572 dictum
1124 1526 1199 1571 esse
1215 1503 1256 1572 de
1271 1505 1402 1591 hospite

334 1613 476 1697 ingrato,
496 1614 590 1679 ouius
605 1614 793 1696 argumenti
807 1612 914 1679 multa
924 1612 1302 1699 exemplainveniuntur
1310 1610 1402 1677 velut

336 1718 426 1806 apud
448 1719 640 1785 Katziulem
651 1741 681 1805 p.
702 1719 759 1783 121
784 1740 816 1785 n.
831 1719 889 1785 46:
914 1721 1012 1784 Ξένον
1036 1722 1054 1783 ὁ
1070 1723 1155 1802 ἔχων
1171 1719 1326 1802 δεσπότην
1341 1721 1402 1802 ἔχει

300 1854 305 1864 ·
336 1830 372 1891 et
396 1827 495 1891 Ξένον
526 1827 693 1909 φυλάττων
723 1827 822 1890 λύκον
853 1828 1023 1909 φυλάττεις.
1070 1825 1185 1910 Neque
1217 1823 1328 1891 aliena
1351 1829 1403 1890 est

337 1932 380 1997 ab
403 1930 467 1997 hee
490 1952 591 1997 sensu
615 1931 856 2017 interpretatio,
882 1953 983 2018 quam
998 1930 1170 1998 Katziules
1185 1952 1215 2016 p.
1235 1931 1296 1997 123
1312 1952 1343 1996 n.
1360 1930 1401 1997 63

336 2037 474 2124 profert:
493 2040 564 2102 Ἐπὶ
586 2045 650 2103 τῶν
673 2039 737 2103 ἀπὸ
759 2045 825 2104 τῶν
848 2028 978 2104 οἰκείων
991 2042 1095 2122 ἔργων
1110 2043 1130 2122 ἢ
1146 2040 1316 2123 κτημάτων
1331 2039 1404 2109 τοὺς

251 2203 256 2210 .
337 2147 490 2217 δεσπότας
514 2146 707 2210 διωκόντων.

426 2250 486 2316 VII
502 2250 576 2315 883.
592 2252 749 2335 Ἔρχομαι
779 2254 870 2317 κύων
901 2254 1034 2317 ὄπισθεν
1064 2255 1188 2336 ἅρματα
1216 2253 1401 2334 λελυμένοςῑ

338 2360 474 2423 ἐπὶτῶν
497 2360 651 2429 ἑκουσίως
673 2366 738 2430 τοῖς
761 2360 872 2430 δεινοῖς
895 2361 1178 2442 ἐγκαρτερούντων.

426 2464 489 2531 Pro
514 2467 667 2551 corrupto
690 2467 859 2550 λελυμένος
881 2464 1047 2531 Pontinus
1068 2465 1208 2532 coniecit
1224 2467 1402 2549 ἑλκόμενος,

338 2572 427 2659 quod
449 2577 566 2638 tamen
588 2572 792 2638 reiciendum
817 2575 879 2657 est,
905 2593 980 2638 eum
1006 2572 1218 2658 explicationi
1233 2574 1402 2658 repugnet.

338 2679 442 2745 Estne
465 2679 610 2745 fortasse
634 2678 861 2746 scribendum:
886 2681 1019 2744 ὄπισθεν
1043 2682 1184 2763 ἅρματος
1207 2677 1403 2762 ἁλλόμενοςῬ

427 2784 501 2850 VIII
518 2786 538 2849 5
555 2785 683 2869 Ἔτρεχέ
712 2811 758 2857 τις
787 2787 834 2869 μὴ
862 2788 1013 2870 βρεχύείγγ
1036 2789 1091 2849 καὶ
1114 2789 1157 2857 εἰς
1179 2787 1304 2869 βόθρον
1327 2787 1402 2849 ἀπε-

338 2893 447 2975 πνίγηε
478 2893 528 2955 ἐπὶ
554 2898 619 2955 τῶν
641 2893 740 2974 μικρὰ
764 2892 949 2975 φευγόντων
971 2894 1057 2956 κακὰ
1080 2895 1133 2957 καί
1155 2893 1404 2977 περιπιπτόντων

337 3000 485 3082 μείζοσιν.

428 3101 611 3190 Receptum
624 3107 677 3168 est
689 3103 872 3170 aKatziule
884 3126 914 3189 p.
927 3104 989 3170 116
1002 3126 1034 3170 n.
1044 3104 1072 3170 6.
1096 3103 1255 3170 Erasmus
1264 3103 1403 3188 111,3,ee

338 3210 592 3295 interpretatur:
609 3209 758 3276 Cucurrit
771 3210 945 3296 quispiam,
963 3232 1006 3277 ne
1024 3215 1294 3297 conspergeretur
1305 3232 1402 3297 aqua,

340 3319 375 3383 et
405 3317 441 3381 in
471 3315 573 3382 fovea
603 3315 817 3402 praefocatus
848 3320 901 3383 est
932 3339 959 3386 e.
989 3340 1017 3404 q.
1046 3339 1072 3384 s.
1124 3316 1251 3383 Deinde
1282 3316 1403 3404 pergit:

340 3422 482 3489 Videtur
516 3444 534 3488 e
571 3423 672 3506 vulgo
710 3426 883 3510 sumptum
913 3425 956 3490 ab
995 3423 1181 3510 Apostolio‚
1222 3423 1404 3490 cuiusmodi

341 3530 450 3595 multa
473 3530 617 3596 scientes
641 3530 933 3617 praetermisimus

428 3635 503 3701 VIII
521 3637 563 3703 10
577 3639 701 3722 Εύήδει
732 3639 887 3702 δάκτυλον
913 3639 959 3722 μὴ
989 3639 1101 3722 δείξῃς,
1133 3640 1182 3702 ἵνα
1203 3638 1250 3721 μὴ
1274 3639 1327 3702 καί
1349 3638 1405 3721 τὴν

339 3743 489 3825 παλάμην
525 3769 583 3808 σου
614 3748 765 3828 καταπίῃ;
798 3746 843 3808 ὅτι
874 3746 913 3808 οὐ
944 3746 1005 3828 χρὴ
1038 3746 1162 3828 θάρρος
1194 3745 1315 3808 διδόναι
1342 3751 1406 3814 τοῖς

341 3850 493 3931 ἀνοήτοις.

430 3952 579 4020 Eandem
617 3954 872 4041 explicationem
906 3955 1057 4043 pluribus
1092 3956 1203 4022 verbis
1233 3956 1406 4021 Katziules

340 4083 371 4128 n.
388 4059 454 4126 947
478 4059 600 4126 reddit:
630 4063 701 4125 Ἐπὶ
731 4070 787 4127 τοῦ
818 4065 863 4147 μὴ
890 4065 953 4128 δεῖν
978 4071 1153 4148 συγχωρεῖν
1176 4070 1239 4134 τοῖς
1262 4064 1407 4146 ἀνοήτοις

339 4169 423 4253 μηδὲ
456 4168 492 4231 τδ
527 4169 669 4252 σμικρόν.
703 4170 754 4233 διὰ
785 4171 846 4253 γὰρ
877 4173 989 4236 τούτου
1021 4172 1075 4233 καὶ
1105 4172 1138 4234 ἐν
1168 4176 1232 4239 τοῖς
1258 4172 1407 4253 μεγάλοις
