3217 5025
595 563 819 631 ,29-

261 740 322 806 XII
337 741 381 807 79
402 743 502 809 Ὄνου
530 744 673 827 κεφαλὴν
706 743 752 826 μὴ
787 744 914 807 πλύνειν
947 746 1058 827 νίτρῳτ
1094 744 1143 808 ἐπὶ
1176 751 1242 809 τῶν

171 851 355 931 ἀνάρμοστα
378 851 566 914 ποιούντων.

261 953 386 1021 Erasm.
402 954 455 1039 III,
473 956 503 1040 3,
519 955 579 1021 39:
609 955 705 1021 Asini
740 959 844 1042 eaput
865 976 909 1022 ne
932 954 1027 1022 laves
1050 958 1145 1022 nitro.
1191 956 1241 1023 Na

171 1061 316 1126 multum
348 1065 502 1147 sumptus
534 1082 699 1146 operaeve
729 1062 904 1147 impendas
926 1062 962 1127 in
985 1083 1056 1128 rem
1078 1062 1180 1128 vilem
1202 1084 1242 1129 ac
1268 1108 1273 1117 ·
1352 1058 1357 1068 ’

172 1165 348 1234 sordidam.

261 1309 322 1374 XII
337 1310 413 1377 87d
429 1312 527 1382 Ὄνος
550 1313 594 1382 εἰς
615 1313 739 1396 μάρτυν
762 1313 908 1395 ὅγκᾶταιῑ
941 1314 1078 1377 ἐπὶτῶν
1101 1314 1242 1396 ἕγκαίρια

170 1419 358 1482 ποιούντων.

261 1523 312 1588 Ex
334 1512 460 1589 fabella
482 1524 643 1590 haustum
666 1522 809 1590 videtur.

261 1648 321 1713 XII
337 1649 381 1714 90
397 1650 498 1714 Ὄνου
516 1650 597 1733 οὐρὰ
612 1652 718 1734 τηλίαν
735 1652 773 1714 ού
789 1657 886 1714 ποιεῖς
911 1652 1039 1714 ἐπὶτῶν
1055 1652 1242 1733 ἀνωφελῶν.

262 1755 346 1821 Rem
369 1755 566 1841 explanavit
588 1755 714 1821 Erasm.
730 1754 785 1838 IV,
803 1757 835 1836 2,
853 1756 913 1822 56:
937 1756 1034 1821 Asini
1050 1757 1159 1822 cauda
1174 1777 1242 1822 non

139 1911 142 1916 -
171 1862 256 1929 tacit
279 1862 431 1945 cribrum,
454 1862 588 1948 ubiquis
612 1862 656 1928 ad
679 1863 743 1928 hoc
766 1864 828 1927 aut
850 1862 933 1929 illud
956 1863 1083 1929 dicetur
1105 1862 1242 1931 inutilis

172 1969 322 2036 Oribrum
338 1991 356 2035 e
372 1968 447 2056 pilis
464 1969 594 2056 equinis
610 1969 684 2035 fieri
700 1969 877 2035 consuevit
891 1991 960 2035 non
977 1992 994 2035 e
1011 1969 1098 2034 villis
1115 1970 1243 2036 asiniae

173 2076 309 2142 caudae.
356 2077 512 2162 Suspicor
534 2076 598 2142 hoc
621 2097 663 2141 ex
685 2077 786 2141 huius
810 2078 934 2142 aetatis
957 2076 1050 2142 faece
1071 2079 1243 2162 sumptum

172 2184 216 2248 ab
240 2182 424 2270 Apostolio.

261 2307 321 2372 XII
329 2307 534 2374 94Ὅπισύεν
544 2310 686 2393 κεφαλῆς
698 2311 812 2393 ὄμματ’
825 2311 899 2392 ἔχεις
913 2310 1034 2373 ἐπὶτῶν
1041 2311 1242 2392 πανούργων.

263 2415 389 2483 Erasm.
412 2414 560 2499 1H‚3‚4:
584 2415 623 2479 ln
647 2415 798 2501 occipitio
824 2414 937 2481 oculos
952 2414 1065 2481 habet.
1103 2414 1153 2480 Da
1169 2436 1243 2480 ver·

173 2524 259 2589 sutis
283 2525 318 2607 et
341 2522 597 2609 circumspectis,
630 2544 780 2609 quosque
809 2523 1007 2608 neutiquam
1029 2522 1174 2608 proclive
1199 2522 1244 2587 sit

171 2629 297 2696 fallere.
327 2669 372 2678 -
402 2628 474 2696 Hoc
506 2630 640 2695 Orusius
664 2628 684 2695 l.
708 2651 732 2694 s.
763 2652 794 2716 p.
818 2629 884 2694 413
925 2631 1132 2715 comparavit
1167 2649 1243 2694 cum

172 2736 333 2802 Planudis
364 2758 395 2801 n.
420 2737 483 2802 150
503 2735 608 2824 (148):
636 2738 841 2821 Ἐμπροούέν
871 2762 930 2802 σου
960 2736 1006 2820 μὴ
1038 2737 1160 2820 κλέψῃς
1190 2737 1243 2800 καὶ

173 2847 307 2909 ὄπισθέν
338 2870 396 2910 οου
426 2846 473 2928 μὴ
498 2852 640 2928 οτροφῇς
662 2845 917 2928 περιβλέφαούαι
940 2845 974 2908 et
998 2840 1076 2909 Otto
1100 2863 1131 2908 n.
1158 2842 1242 2908 1263

173 2972 250 3015 cum
272 2949 386 3016 Plauti
408 2972 508 3016 versu
531 2950 642 3017 Aulul.
666 2950 725 3017 64:
757 2950 850 3029 Quae
878 2951 913 3015 in
937 2949 1087 3037 occipitio
1111 2970 1243 3036 quoque

172 3057 278 3123 habet
301 3054 414 3123 oeulos
437 3058 592 3143 pessima.

198 3168 201 3171 Δ
263 3180 323 3246 XII
339 3181 382 3249 97
402 3183 442 3246 Ὁ
471 3183 572 3266 πηλὸς
599 3187 638 3265 ἢν
667 3183 713 3266 μὴ
744 3184 827 3267 ὂαρῇ
857 3185 999 3266 κέραμος
1029 3184 1067 3246 ού
1096 3184 1244 3264 γίγνεταιὶ

173 3293 220 3355 ὅτι
243 3293 359 3354 ἐκτῶν
382 3291 494 3353 πόνων
516 3291 570 3353 καὶ
591 3291 796 3373 παθημάτων
820 3293 851 3354 οῖ
873 3291 1043 3372 ἅνθρωποι
1065 3289 1244 3371 τελειότεροι

173 3400 318 3481 γίνονται.

264 3521 389 3588 Erasm.
405 3522 458 3603 lli,
476 3521 506 3603 3,
519 3521 579 3587 42:
602 3520 726 3586 Lutum
749 3520 785 3585 ni
805 3521 978 3602 tundatur,
1003 3539 1071 3585 non
1086 3518 1130 3584 fit
1144 3520 1245 3584 testa.

174 3629 266 3695 Citra
295 3627 444 3694 laborem
471 3627 584 3693 nullus
618 3627 732 3694 evadit
762 3629 797 3693 in
821 3628 930 3693 virum
953 3626 1154 3692 absolutum.
1200 3624 1245 3690 ut

173 3735 238 3801 hoc
260 3735 296 3799 ni
317 3732 416 3801 fallor
430 3733 624 3820 Apostolius
640 3733 755 3800 hausit
774 3755 796 3799 a
810 3732 902 3816 vulgi
916 3732 1019 3798 faece.
1035 3770 1079 3779 -
1094 3730 1245 3798 Eandem

173 3841 484 3927 interpretationem
519 3843 621 3927 atque
652 3839 816 3927 Apostolii
847 3838 922 3904 aliis
945 3838 1057 3903 verbis
1081 3839 1246 3924 expressit

173 3947 347 4015 Katziules
371 3969 402 4013 n.
429 3947 529 4014 1981:
558 3950 607 4013 ἐπὶ
636 3954 701 4013 τῶν
732 3950 807 4012 ἄνευ
838 3948 950 4011 πόνων
978 3947 1024 4030 μὴ
1056 3948 1246 4029 δυναμένων

174 4060 218 4128 εἰς
240 4057 357 4121 τελείαν
373 4056 486 4139 ἀρετὴν
505 4057 685 4138 ἀφικέσθαι.
723 4053 795 4119 Hoc
811 4052 1022 4140 proverbium
1037 4054 1127 4118 inest
1142 4051 1245 4118 etiam

173 4163 208 4227 in
234 4160 304 4227 coll.
328 4161 443 4227 Warn.
466 4183 496 4248 p.
516 4162 578 4227 100
602 4183 627 4226 s,
650 4183 681 4226 v,
704 4163 820 4245 πηλόςε
841 4161 880 4225 Ὁ
902 4162 1002 4245 πηλὸς
1025 4164 1064 4224 ἂν
1086 4160 1120 4224 δὲ
1136 4160 1244 4241 δαρθῇ

228 4274 339 4318 Peteon.
1049 4265 1067 4318 3
