3217 5025
614 1406 793 1477 CAPUT
817 1410 838 1475 l.

224 1653 420 1726 PRlMAE
443 1653 656 1725 ZENOBll
679 1655 962 1727 Enlrlonsss
987 1654 1142 1727 lNTER
1165 1655 1225 1727 SE

523 1761 929 1833 COMPARANTUR.

278 1955 414 2022 Zenobii
444 1955 694 2041 proverbiorum
727 1955 876 2023 collectio
907 1957 1050 2042 primum
1081 1956 1171 2043 typis
1196 1979 1256 2023 ex-

189 2083 305 2148 pressa
341 2065 393 2128 est
427 2084 457 2128 a.
484 2061 568 2128 1497
604 2062 792 2129 Florentiae
829 2063 918 2150 apud
952 2063 1095 2128 luntam.
1149 2061 1257 2143 Quam

189 2168 369 2234 editionem
391 2168 520 2235 fontem
543 2168 650 2235 fuisse
674 2169 816 2236 Aldinae
842 2169 923 2235 Ven.
948 2170 1046 2251 1505,
1078 2190 1165 2256 qnae
1188 2191 1257 2236 non

190 2276 299 2341 solum
322 2274 505 2342 Zenobiam
529 2274 588 2341 sed
612 2275 788 2361 proverbia
804 2275 939 2342 aliunde
955 2276 1101 2342 maxime
1118 2299 1136 2342 e
1153 2276 1258 2342 Suida

189 2385 349 2464 congesta
372 2382 518 2467 exhibet,
544 2381 700 2449 Gaisiord
710 2385 735 2465 1)
758 2384 794 2448 in
816 2382 1026 2469 praefatione
1052 2404 1081 2468 p.
1097 2382 1143 2447 Vl
1166 2383 1255 2460 dicit,

188 2488 343 2576 idemque
357 2489 472 2555 valere
488 2489 661 2556 contendit
672 2488 713 2555 de
730 2489 877 2556 editione
888 2489 1106 2573 Haganoensi
1118 2510 1146 2555 a.
1162 2490 1256 2555 1535.

189 2595 274 2663 Fieri
298 2601 414 2663 autem
438 2617 506 2662 non
529 2618 638 2683 posse,
667 2600 708 2662 ut
730 2596 855 2662 Aldina
878 2618 920 2663 ex
942 2596 1078 2662 Iuntina
1100 2595 1256 2681 pendeat,

189 2702 376 2770 luculenter
392 2704 619 2770 demontravit
634 2703 669 2769 Ο.
687 2703 831 2786 Gmsius,
847 2706 903 2790 qui
920 2703 1017 2769 Anal.
1033 2704 1101 2769 orit
1114 2725 1144 2789 p.
1157 2703 1201 2768 32
1210 2724 1257 2789 sq.

60 2824 64 2831 '
189 2811 286 2877 docet
308 2810 466 2877 Aldinam
488 2813 669 2893 imaginem
692 2811 817 2876 veteris
841 2810 1015 2878 cuiusdam
1039 2809 1159 2877 codicis
1174 2809 1258 2876 fide-

187 2916 314 2984 lissime
345 2920 597 3004 repraesentare
629 2920 731 3004 atque
764 2939 851 3001 eum,
884 2919 940 3005 qui
971 2918 1055 2984 haec
1082 2916 1259 3004 proverbia

189 3023 364 3107 collegerit,
390 3045 432 3089 ex
455 3023 586 3090 duobus
603 3024 694 3090 libris
711 3023 911 3091 Zenobianis
926 3024 1092 3107 hausisse,
1117 3044 1258 3110 quorum

188 3151 277 3197 unus
310 3131 404 3214 signo
436 3131 471 3196 *l
499 3129 680 3197 denotatus
711 3130 850 3197 Zenobii
884 3130 989 3197 codex
1011 3130 1258 3197 Laurentianus

187 3238 258 3324 ipse
290 3237 345 3304 vel
366 3236 585 3304 Laurentiani
616 3237 813 3323 simillimus
847 3238 931 3304 alter
953 3237 1067 3304 littera
1090 3239 1130 3301 *n
1153 3236 1256 3320 signi-

187 3344 312 3410 ficatus
335 3344 507 3411 Parisinus
531 3344 602 3430 ipse
625 3345 681 3411 vel
700 3345 844 3411 Parisini
868 3344 1054 3410 simillimus
1077 3343 1181 3410 suerit
1203 3341 1258 3429 (ci.

187 3451 207 3516 l
232 3472 258 3516 e.
281 3472 311 3537 p.
328 3452 371 3518 37
388 3454 422 3517 et
438 3451 502 3533 38).
547 3450 620 3517 Hoc
651 3473 733 3518 sane
764 3472 882 3518 verum
907 3473 981 3517 esse
1004 3448 1161 3516 Aldinam
1188 3469 1258 3515 non

187 3558 325 3623 fluxisse
354 3579 396 3623 ex
420 3557 556 3623 Iuntina
580 3580 622 3623 ex
645 3559 760 3644 paneis
785 3579 917 3644 quoque
940 3557 1144 3639 intellegitur
1165 3555 1257 3638 locis,

188 3685 274 3752 quos
289 3663 377 3730 inira
389 3685 432 3730 ex
443 3663 568 3730 Aldina
580 3663 689 3750 attuli,
702 3664 759 3730 nbi
770 3664 939 3729 Iuntinam
952 3666 987 3730 et
998 3663 1258 3745 Haganoensem

188 3770 370 3837 editionem
393 3772 482 3837 inter
505 3791 541 3836 se
565 3771 764 3857 comparavi.

277 3878 365 3944 Nam
396 3878 567 3965 quaeritur
594 3899 693 3962 nunc,
725 3880 860 3944 rectene
883 3875 1080 3943 indicaverit
1103 3873 1258 3941 Gaisford

189 4004 230 4050 ue
266 3983 410 4051 editione
445 3983 503 4050 illa
533 3983 750 4067 Haganoensi
781 4004 895 4050 necne.
949 3984 998 4049 De
1035 3983 1128 4048 cuius
1163 3980 1258 4046 fonte

224 4114 402 4121 .-——-—-

280 4164 301 4230 ¹)
320 4161 571 4232 Paroemiographi
591 4160 691 4216 Graeci
710 4161 753 4217 ed.
772 4161 913 4217 Gaislord.
