3217 5025
626 563 850 628 -43-

291 739 336 804 VI
352 740 394 806 77
417 740 462 803 Εἰ
481 741 527 822 μὴ
551 740 589 804 σὺ
612 743 709 824 λέγεις
732 742 796 805 aab
820 749 875 806 τοῦ
900 742 1057 823 δέρματος
1080 745 1193 824 ῳαίνῃῑ
1226 745 1272 805 ὅτι

200 849 274 920 τολις
296 850 519 931 ψευδομένους
541 851 574 912 αἱ
596 849 726 931 πράξεις
748 851 935 932 ἐλέγχουσιν.

292 953 338 1020 ef.
362 959 483 1040 Aesop.
507 953 556 1019 ed.
572 953 611 1021 H.
635 976 666 1020 n.
684 954 731 1020 37
747 955 793 1017 ‘H
811 956 946 1038 ἀλώπηξ
968 958 1171 1038 ὑποτυχοῦσα
1196 959 1271 1039 ἔφης

201 1063 308 1136 „ntia
331 1066 393 1127 κᾶν
424 1062 461 1126 σὺ
484 1063 529 1145 μὴ
554 1066 651 1146 εἴπῃς,
684 1063 826 1126 ἀπὸτοῦ
851 1063 1007 1145 δέρματος
1030 1065 1155 1146 φαίνῃίί.
1199 1061 1273 1127 Ἠοο

201 1167 405 1254 explicatum
429 1173 482 1234 est
505 1168 548 1234 ab
572 1169 710 1234 Erasmo
726 1168 779 1250 Ill,
796 1168 828 1251 4,
846 1168 904 1233 91:
929 1169 1069 1234 Etiamsi
1085 1189 1153 1234 nen
1170 1168 1270 1251 dieas,

200 1275 287 1361 pelle
311 1296 390 1361 prae
414 1278 449 1340 te
473 1274 549 1341 fere.
595 1275 662 1340 Res
687 1276 762 1359 ipsa
784 1275 956 1358 redarguit
979 1275 1182 1341 mendaeem.

290 1381 426 1448 V184a
448 1383 493 1446 Εί
513 1385 633 1466 θέρους
655 1385 756 1465 ὥραις
778 1385 883 1466 ηὔλεις
898 1392 1057 1466 χειμῶνος
1073 1386 1197 1466 ὤρχουε
1222 1386 1272 1447 ἐπὶ

200 1498 266 1553 τῶν
288 1490 375 1571 παρὰ
399 1491 512 1573 καιρὸν
534 1491 736 1573 πραττόντων
758 1490 795 1552 τά
820 1493 950 1553 ἑαυτῶν.

292 1594 509 1661 Seribendum
525 1599 578 1661 est
593 1598 703 1679 ὄρχσυ,
725 1594 814 1680 quod
829 1594 1001 1661 Katziules
1018 1616 1149 1682 queque
1165 1597 1271 1661 habet

200 1723 232 1767 n.
257 1702 300 1767 28
319 1703 389 1766 Ἐπὶ
419 1713 484 1767 τῶν
515 1705 658 1785 ἀκαίρως
689 1729 716 1766 τι
743 1704 953 1785 πρεπόντων.
999 1700 1126 1767 Natum
1154 1706 1271 1769 estex

200 1811 284 1875 nota
313 1808 376 1875 illa
400 1807 518 1875 fabula
542 1808 581 1875 de
606 1809 720 1875 cicada
744 1812 779 1874 et
801 1809 956 1891 formicis
982 1810 1020 1874 ei.
1043 1809 1120 1874 Aes.
1137 1809 1200 1875 401
1227 1811 1271 1875 H.

205 1918 246 1982 Oi
258 1917 292 1981 δὲ
303 1917 484 2000 γελάσαντες
496 1917 596 1982 ελττονῑ
612 1918 708 1991 »Ἀλλ’
717 1920 746 1981 εί
754 1919 874 1998 θέρους
886 1919 985 2000 ὥραις
997 1918 1101 2000 ηὔλεις
1112 1927 1271 2001 χειμῶνος

201 2027 323 2108 ὄρχου“
353 2026 389 2089 et
411 2022 507 2089 Babr.
535 2023 598 2089 140
620 2024 812 2107 ,,Χειμωνος
842 2025 950 2107 ὃρχοῦ,
975 2049 1080 2107 φησιν,
1104 2027 1133 2087 εἰ
1153 2027 1272 2106 θέρους

201 2132 332 2214 ηὔλεις“.

290 2236 351 2302 VH
367 2237 410 2303 33
429 2238 483 2302 Ἐν
505 2239 628 2320 ιμιίλλας
652 2238 739 2321 ὅήξει
762 2238 841 2302 θεὸν
864 2239 1067 2301 ἑτιικαλεῖταιι
1092 2241 1137 2301 ὃτι
1160 2241 1199 2301 οὐ
1226 2239 1275 2302 θεῖ

201 2347 246 2408 ἐπ’
280 2347 450 2428 ἐλαχίστων
479 2352 535 2408 τοῦ
559 2346 648 2410 θείου
674 2346 796 2409 δεῖσθαι
819 2345 931 2408 καὶτὸ
955 2347 1059 2427 ὄνομα
1083 2348 1180 2408 αὐτοῦ
1204 2348 1270 2408 ἐτι·

200 2453 372 2517 καλεῖσθαι.

291 2558 417 2624 Erasm.
433 2559 485 2641 III,
501 2558 532 2642 4,
550 2559 588 2624 4:
612 2559 650 2623 In
673 2558 791 2645 pulicis
815 2579 927 2623 morsu
952 2557 1050 2623 deum
1066 2559 1211 2639 invocat,
1236 2559 1271 2623 in

201 2666 418 2749 mediatum,
451 2666 508 2751 qui
539 2665 788 2751 quantumlibet
815 2664 882 2730 levi
905 2663 946 2730 de
969 2685 1003 2730 re
1028 2665 1174 2747 graviter
1196 2686 1270 2752 per-

200 2773 381 2839 turbantur
396 2772 531 2860 perinde
548 2776 587 2839 ut
601 2774 636 2838 in
652 2773 808 2839 maxima.
826 2811 868 2819 -
884 2772 1022 2855 Fabula,
1047 2770 1136 2837 unde
1152 2776 1270 2838 natum

202 2886 264 2962 est,
290 2882 445 2945 narratur
468 2881 588 2965 Aesop.
611 2900 643 2944 n.
659 2879 727 2944 424
750 2882 785 2945 et
808 2879 902 2945 4241)
925 2877 1034 2953 Halm.

290 2986 365 3052 VIII
380 2986 423 3052 43
444 2988 490 3050 Ἡ
508 2989 652 3071 κάμηλος
675 2989 900 3070 εἰτιθυμήσασα
923 2988 1067 3070 κεράτων
1082 2988 1187 3051 καὶτὰ
1204 2986 1270 3051 ὦτα

200 3096 463 3177 προσαπώλεσενε
487 3096 537 3158 ἐστὶ
560 3102 625 3159 τῶν
647 3096 684 3157 τὰ
709 3097 782 3168 ξένα
806 3095 1052 3177 ἐπιθυμούντων
1075 3096 1129 3158 καὶ
1149 3119 1269 3177 προσα·

200 3203 427 3285 ττοβαλλόντων
449 3203 486 3265 τὰ
510 3203 581 3265 ἴδια.

290 3306 416 3373 Erasm.
439 3307 492 3389 ΙΙΙ,
510 3308 541 3390 5,
558 3309 594 3373 8:
627 3306 780 3373 Camelus
813 3307 892 3372 dum
923 3305 1065 3373 affectat
1088 3327 1212 3373 cornua
1236 3309 1271 3371 et

201 3435 299 3481 aures
315 3414 451 3499 insuper
467 3412 610 3500 perdidit
622 3436 648 3479 e.
662 3436 691 3500 q.
704 3435 729 3479 ε.
763 3413 855 3479 Idem
868 3412 995 3479 dietum
1007 3414 1122 3497 Apost.
1138 3412 1185 3477 IX
1197 3412 1269 3477 neb

200 3522 341 3587 iteratur
363 3523 507 3605 κάμηλος
522 3523 601 3587 nrt:
622 3525 654 3585 οῖ
667 3522 704 3585 τά
722 3524 794 3596 ξένα
812 3525 975 3604 ζητοῦντες
994 3521 1271 3601 άπαλλοτριοῦνται

200 3630 341 3693 καὶτῶν
365 3631 499 3703 οἰκείων,
523 3627 612 3693 unde
635 3627 777 3693 Katziul.
801 3626 946 3712 sumpsit
965 3647 996 3690 n.
1016 3625 1116 3691 1197:
1141 3627 1191 3689 ἐπὶ
1205 3636 1270 3690 των

200 3745 265 3800 τῶν
289 3737 462 3818 ἀλλοτρίων
485 3738 663 3819 ἐφιεμένων
684 3736 739 3799 καί
762 3737 847 3799 οὕτω
871 3734 908 3797 τὰ
932 3735 994 3798 ἴδια
1011 3735 1269 3816 ἀφαιρουμένων.

200 3841 382 3925 Vulgarem
405 3841 547 3908 formam
570 3842 670 3907 huius
694 3841 774 3907 dieti
797 3839 936 3927 exhibet
958 3838 1030 3905 eoll.
1045 3838 1159 3905 Warn.
1180 3861 1209 3925 p.
1226 3840 1270 3905 66

202 3971 226 4015 ε.
250 3970 281 4014 v.
305 3952 449 4034 καμήλα;
478 3950 523 4013 Ἠ
541 3952 669 4033 καμήλα
698 3950 889 4033 γυρεύοντας
919 3951 1035 4031 κέρατα
1066 3950 1194 4029 ἔκοψαν
1217 3950 1270 4012 καὶ

200 4058 316 4121 τάῦτιά
346 4066 409 4140 τῆς,
440 4055 597 4122 Latinam
628 4054 818 4121 versionem
853 4054 1018 4121 Ps-Publ.
1047 4054 1119 4142 Syr.
1150 4075 1180 4138 p.
1207 4053 1266 4118 121

200 4182 232 4228 n.
248 4161 293 4230 64
304 4162 370 4229 W.:
388 4162 542 4230 Camelus
560 4162 697 4249 cupiens
714 4183 838 4228 cornua
854 4183 953 4227 aures
969 4160 1119 4249 perdidit.
1144 4161 1270 4226 Natum
