3217 5025
755 551 978 616 ..38-

334 731 438 793 orant.
455 727 554 793 Aliud
564 728 753 813 exemplum
762 729 862 794 huius
871 729 1000 810 generis
1009 729 1199 794 invenimus
1208 730 1400 814 ApostIII4

326 836 438 906 Ἄνους
462 838 480 898 ὁ
502 836 628 918 μακρὸς
651 836 730 899 κατὰ
753 836 809 917 τὴν
831 838 1010 919 παροιμίαν.

422 940 514 1006 XVII
530 940 599 1007 661)
627 942 724 1025 Ὑπὲρ
755 943 840 1025 κόρα
870 943 973 1006 πτύει;
1005 944 1054 1006 ἐπὶ
1084 949 1148 1007 τῶν
1179 946 1399 1026 ἐπαιρομένων

332 1050 385 1112 καὶ
409 1051 635 1131 όπερηηνανῶν.

421 1153 543 1219 Exstat
574 1154 675 1219 otiam
706 1153 827 1219 Macar.
860 1153 934 1218 VIII
950 1155 1009 1219 δός
1037 1156 1134 1238 Ὑπὲρ
1165 1158 1249 1238 κάρα
1276 1157 1397 1220 amiur:

334 1263 385 1325 ἐπὶ
408 1271 473 1326 τῶν
496 1264 721 1345 ὑπερηφανων.
766 1259 812 1325 Of.
837 1261 938 1326 otiam
963 1282 1064 1346 supra
1086 1283 1116 1347 p.
1137 1261 1184 1326 16.

421 1366 512 1432 XVII
527 1367 570 1433 75
591 1368 645 1438 Ὑς
667 1369 846 1451 λουσαμένη
871 1371 914 1439 εἰς
929 1370 1065 1451 πόλισμα
1080 1370 1261 1453 βορβόρουε
1286 1371 1398 1453 ὅμοιον

331 1482 378 1557 τῷ
401 1475 567 1558 Κράτητος
589 1475 643 1538 καὶ
665 1482 711 1557 τῷ
728 1496 734 1508 ·
753 1474 790 1545 ὗς
814 1478 847 1539 ἕν
869 1477 1023 1558 βορβόρῳ
1047 1477 1216 1540 ὑλισπᾶται.

421 1581 545 1646 Erasm.
569 1580 626 1662 IV,
643 1581 673 1663 3,
691 1582 750 1645 62:
782 1580 847 1646 Sus
878 1580 949 1646 lota
982 1580 1080 1646 rediit
1111 1580 1154 1646 ad
1184 1581 1398 1647 volutabrum

331 1685 403 1769 luti,
439 1709 515 1753 oum
550 1687 624 1772 quis
658 1687 759 1752 iterat
782 1688 850 1752 iam
875 1688 1011 1774 expiata
1033 1688 1172 1770 flagitia.
1196 1727 1242 1736 —
1264 1688 1398 1754 Dictum
1443 1702 1446 1707 ·

332 1794 484 1876 Οιαλοίίε,
508 1794 596 1879 quod
612 1792 807 1878 Apostolius
824 1797 963 1880 spectat,
984 1795 1048 1860 hoo
1063 1799 1131 1860 ost:
1150 1794 1206 1866 Ὑς
1222 1797 1273 1860 διὰ
1290 1797 1398 1878 ῥόδων

331 1900 393 1985 (rr.
417 1904 503 1986 poet.
527 1921 608 1965 oom.
632 1900 661 1965 II
685 1921 714 1985 p.
731 1900 797 1965 234
820 1901 940 1984 Mem).
986 1900 1085 1966 Hune
1108 1902 1294 1967 trimetrum
1313 1902 1398 1967 iam-

331 2007 442 2073 bicum
464 2007 689 2092 Byzantiuum
705 2006 847 2072 Katziul.
872 2029 1003 2093 quoquo
1024 2009 1157 2092 recepit,
1182 2008 1238 2094 qui
1254 1999 1398 2094 oxplioat

331 2135 360 2199 p.
388 2113 450 2178 129
473 2135 505 2179 n.
530 2111 609 2201 [84]:
641 2117 691 2177 ἐπὶ
720 2121 784 2178 τῶν
816 2119 859 2186 εἰς
889 2117 944 2186 τὰς
967 2117 1063 2186 αὐτὰς
1086 2118 1309 2199 αἰσχρουργίας
1332 2118 1396 2180 ἑπι-

331 2223 540 2304 στρεφόντων.
585 2220 759 2286 Invenitur
782 2222 884 2286 otiam
909 2221 998 2307 apud
1022 2220 1117 2305 Greg.
1134 2222 1396 2308 uypr.P.11193

332 2331 366 2392 ot
397 2333 674 2395 commemoratur
705 2350 726 2394 a
757 2328 853 2411 Grog.
877 2328 955 2394 Nar.
981 2329 1031 2393 Or.
1055 2329 1099 2393 III
1121 2351 1151 2414 p.
1176 2328 1268 2394 700:
1300 2328 1337 2400 ὗς
1364 2332 1398 2393 ἓν

329 2437 483 2520 βορβόρῳ
506 2438 672 2511 κυλισθείς,
696 2438 775 2501 κατὰ
798 2437 854 2521 τὴν
877 2439 1057 2519 παροιμίαν.

418 2543 510 2608 XVII
533 2544 576 2610 76
606 2545 764 2627 Ὑφάντου
799 2547 992 2626 πταίσματος
1024 2545 1145 2627 ὑπήτης
1178 2545 1317 2627 ἒτόφιλητ
1352 2546 1397 2608 ὅτι

330 2652 482 2721 πολλάκις
505 2653 594 2715 ἄλλοί
613 2653 672 2734 μὲν
695 2654 866 2724 πταίουσιν,
891 2652 978 2714 ἄλλοι
1002 2652 1036 2714 δὲ
1060 2651 1347 2733 ἀπολαμβάνουσα.

419 2755 543 2822 Erasm.
568 2756 623 2839 IV,
650 2757 680 2837 3,
706 2756 748 2822 63
772 2759 1011 2841 interpretatus
1028 2758 1096 2820 ost:
1120 2755 1170 2821 Ob
1186 2757 1326 2822 textoris
1343 2777 1396 2821 or-

329 2867 439 2927 ratum
452 2861 594 2947 hypatos
606 2862 791 2947 vapulavit.
804 2900 848 2909 -—
859 2863 921 2927 Pro
932 2866 1085 2948 corrupto
1094 2866 1215 2947 ὑπήτης
1225 2863 1397 2948 proposuit

329 2968 432 3032 Kurtz
455 2967 568 3033 Jahrb.
584 2967 607 3035 f.
634 2968 749 3035 Philol.
776 2969 858 3035 1891
884 2991 913 3055 p.
938 2969 959 3033 8
982 2973 1104 3053 ἠπητής
1130 2970 1288 3035 Latinum
1319 2991 1395 3055 pro-

329 3073 496 3139 verbium:
521 3073 570 3140 Ob
594 3076 734 3141 tortoris
759 3079 905 3141 erratum
929 3081 1037 3142 sartor
1060 3076 1236 3162 vapulavit
1250 3076 1285 3140 in
1306 3097 1395 3142 oom-

329 3181 539 3266 parationom
584 3202 719 3249 vocans,
778 3182 885 3262 Quam
921 3185 1126 3249 senteutiam
1160 3187 1287 3249 rectam
1322 3203 1395 3248 osso

330 3286 506 3353 confirmat
540 3287 682 3354 Katziul.
710 3310 742 3356 n.
770 3289 812 3354 35
840 3311 869 3374 p.
901 3288 978 3354 119:
1019 3292 1178 3373 Ὑφάντου
1213 3293 1397 3361 πταίσαντος
1525 3370 1528 3383 ⁸

328 3397 449 3479 ἠπητης
483 3398 615 3479 ε’τόφβη.
662 3434 706 3442 -
747 3396 889 3480 Ἠπητὴς
925 3398 959 3460 δὲ
996 3400 1014 3461 ὁ
1050 3399 1178 3480 ῥάπτης.
1211 3399 1257 3461 ὅτι
1291 3399 1395 3461 ἄλλων

328 3504 574 3585 ἁμαρτανόντων
597 3504 683 3567 ἄλλοι
706 3511 925 3586 τιμωροῦνται.

416 3607 507 3672 XVII
523 3609 565 3673 83
594 3611 687 3680 Φίλος
711 3612 925 3692 ἀνεπίκαρπος
948 3613 1064 3693 χείρων
1088 3613 1216 3694 ἐχθροῦ.

417 3713 529 3779 Simile
560 3716 594 3779 in
624 3714 693 3780 ooll.
726 3716 840 3781 Warn.
871 3737 901 3800 p.
921 3716 984 3780 118
1008 3738 1032 3782 s,
1056 3739 1087 3783 v.
1115 3719 1206 3800 φίλος
1236 3737 1268 3782 n.
1292 3715 1329 3781 6:
1357 3716 1396 3781 Ὀ

327 3821 418 3903 φίλος
446 3823 584 3903 ε’πιτίμος
608 3824 726 3904 ἐχθρὸς
748 3824 892 3889 καλεῖται.
938 3824 1074 3888 Amicus
1102 3824 1222 3888 noxius
1255 3824 1396 3888 vocatur

326 3947 488 3994 lnlmlcus.

415 4031 521 4097 XVIII
537 4036 558 4098 8
578 4036 712 4119 Χαίροις
725 4036 883 4119 Ὑψιπύλη
900 4039 992 4120 φίλη.
1008 4038 1081 4107 τοὺς
1097 4038 1193 4120 ἐμοὺς
1209 4038 1395 4119 κορύμβους

325 4142 434 4204 πλέκω
452 4192 457 4203 .
476 4144 514 4205 οὔ
547 4167 595 4205 σοι
623 4144 705 4224 λέγω
729 4144 800 4225 περὶ
823 4145 959 4208 τούτου.
978 4146 1079 4227 οὑμὸς
1102 4147 1218 4215 ι’ίκοιτις
1242 4145 1395 4209 raupta:
