3217 5025
635 517 909 598 -13-.

300 691 346 757 IV
362 691 436 759 27b
455 694 609 777 Ἀτεχνῶς
640 697 694 760 τὸν
722 698 842 778 σωρόν;
874 698 1011 761 ἐπὶτῶν
1034 700 1283 783 εὓηιλιζομένων.

300 798 338 863 In
362 799 507 865 editione
532 800 698 886 Apostolii
713 800 919 867 Pantiniana
942 805 1057 869 exstat
1072 807 1102 869 ἀ.
1117 807 1199 889 πρὸς
1213 832 1237 873 τ.
1254 831 1281 871 o.

211 904 439 991 Supplendum
463 904 598 972 videtur
621 910 692 992 ἔχει.

299 1011 345 1078 IV
361 1013 401 1077 51
421 1015 555 1098 Ἄφρων
586 1016 605 1078 ό
627 1016 687 1098 μὲν
710 1017 855 1081 ἀπολέσει
879 1019 941 1100 ἔχει
966 1068 972 1080 .
998 1019 1016 1080 ό
1041 1019 1126 1089 ὄέῑς
1148 1019 1184 1082 τὸ
1209 1020 1283 1084 δέον

210 1122 365 1185 ἀναλώσει
389 1122 449 1184 οὐκ
473 1124 544 1204 ἔχει.

298 1226 437 1293 Metrica
459 1226 568 1293 forma
590 1230 679 1293 recte
704 1232 842 1294 servata
865 1233 917 1294 est
937 1229 972 1294 in
987 1230 1170 1315 posteriore
1186 1235 1281 1318 parte

209 1333 310 1399 huius
342 1334 429 1419 dicti,
463 1337 515 1400 est
538 1335 627 1399 enim
650 1337 801 1401 trimeter
824 1335 987 1401 iambicus
1012 1338 1163 1403 noviciae
1187 1338 1279 1424 artis,

209 1441 244 1505 in
267 1441 373 1525 priore
397 1461 486 1506 unus
501 1441 634 1506 iambus
651 1439 781 1507 excidit.
820 1441 977 1508 Fortasse
1002 1442 1212 1522 scribendum
1228 1448 1281 1510 est

210 1550 343 1631 ἀνόητος
365 1550 428 1612 κτλ.
475 1549 620 1630 Dignum
637 1553 689 1613 est
705 1551 892 1614 memoratu
909 1550 971 1614 hos
988 1570 1105 1615 versus
1126 1550 1279 1617 homoio-

210 1654 355 1720 teleutos
380 1676 454 1720 esse
478 1654 517 1720 cf.
543 1654 678 1720 Orusius
701 1654 763 1721 Rh.
787 1656 828 1723 M.
852 1655 896 1720 42
919 1678 949 1741 p.
967 1655 1032 1721 398
1056 1655 1132 1723 adn.
1150 1659 1177 1722 2.

297 1760 343 1826 IV
359 1763 433 1828 oia
451 1764 625 1846 Ἀῳέμενος
654 1771 709 1847 τῆς
741 1765 839 1847 δρυὸς
862 1766 966 1828 ἕπεται
988 1771 1053 1828 τῶν
1075 1772 1205 1848 πυρῶν;
1230 1767 1280 1829 ἐπὶ

207 1870 360 1934 τῶνάπὸ
383 1872 538 1954 χειρόνων
561 1872 610 1934 ἐπὶ
633 1871 669 1933 τὰ
692 1872 803 1954 βελτίω
827 1873 1077 1953 μεταπεσόντων.

299 1975 492 2061 Oorruptela
518 1975 671 2042 laborare
702 1975 844 2058 videtur,
877 1997 957 2041 nam
988 1977 1067 2062 quid
1101 1977 1165 2042 sibi
1187 1976 1278 2044 vult:

208 2086 314 2147 ἕπεται
334 2086 400 2148 τών
414 2083 551 2167 πυρῶνῖ
590 2082 735 2148 Leutsch
752 2083 893 2148 coniecit
908 2086 1034 2147 ἅπτεται
1050 2085 1084 2148 et
1100 2084 1163 2149 hoc
1179 2085 1278 2150 modo

209 2190 378 2273 genitivus
416 2189 493 2255 ferri
531 2192 653 2275 potest.
715 2190 842 2256 Sensus
882 2190 954 2255 sine
994 2190 1094 2256 dubio
1125 2189 1179 2256 hic
1210 2194 1277 2256 est:

207 2297 340 2363 Deserit
354 2318 425 2363 rem
435 2297 479 2362 ad
490 2298 694 2363 vescendum
707 2318 775 2363 non
788 2301 905 2382 aptam
917 2298 1104 2385 (quereum)
1117 2301 1152 2364 et
1168 2298 1277 2363 cibum

207 2405 376 2490 (triticum)
400 2405 544 2491 adeptus
569 2406 628 2470 est.

297 2511 342 2578 IV
355 2513 397 2580 66
415 2516 520 2597 Ἄχειρ
544 2515 696 2597 νιφόῆναι
718 2514 876 2596 postea:
901 2515 951 2576 ἐπὶ
972 2520 1038 2576 τῶν
1058 2515 1232 2577 ἀδυνάτων.

296 2620 341 2685 IV
358 2619 433 2685 6821
449 2622 539 2704 Ἄχρι
563 2624 605 2691 εἰς
620 2621 656 2684 τὸ
671 2621 859 2703 βάραθρονῑ
885 2621 1014 2706 ἐπὶτῶν
1028 2622 1122 2703 μέχρι
1137 2620 1278 2702 τελευτῆς

206 2733 226 2812 ἢ
250 2729 359 2793 καλῶν
382 2732 402 2811 ἢ
426 2735 538 2792 κακῶν
561 2732 581 2811 ἢ
605 2729 744 2810 εὐγενῶν
766 2731 786 2811 ἢ
812 2728 975 2808 ὁοσγενῶν
998 2730 1109 2793 ὄντων.

295 2816 341 2898 IV
357 2834 430 2901 67b
451 2836 665 2918 Ἀιγοχότερος
687 2836 817 2917 λαγωοῦ
834 2836 1024 2917 φεύγοντοςῑ
1049 2835 1099 2898 ἐπὶ
1113 2841 1178 2898 τῶν
1193 2836 1276 2916 σφό-

206 2943 268 3024 δρα
293 2943 413 3007 δειλῶν.

297 3047 419 3115 Similis
435 3046 620 3134 hyperbole
637 3050 689 3112 est
701 3050 803 3132 atque
818 3049 933 3133 Apost.
946 3046 978 3110 V
989 3047 1080 3113 9011:
1096 3050 1278 3131 Δειλότερος

206 3156 235 3220 ελ
254 3162 319 3219 τῶν
342 3158 488 3238 λαγωῶν.

295 3261 341 3327 lV
357 3262 400 3329 97
424 3263 486 3326 Βία
520 3265 666 3345 πενήτων
696 3264 858 3326 πλουσίων
888 3263 1101 3345 παράκλησις;
1133 3263 1278 3344 παρόσον

206 3373 237 3434 ολ
258 3371 318 3453 μὲν
340 3372 470 3454 πένητες
493 3371 732 3451 ἀναγκάζονται,
757 3371 788 3432 οἳ
803 3370 838 3433 δὲ
853 3370 997 3433 πλούσιοι
1012 3369 1205 3450 θρύπτονται
1220 3370 1273 3432 καὶ

206 3478 415 3542 όωπεόονται.

294 3582 366 3648 Ηοθ
393 3583 504 3669 ipsum
534 3582 746 3667 proverbium
776 3583 812 3646 in
842 3579 966 3645 Aldina
997 3583 1110 3645 exstat
1142 3578 1201 3644 col.
1225 3579 1276 3645 54.

206 3689 363 3756 Similiter
380 3688 470 3776 apud
485 3687 670 3755 Planudem
687 3710 718 3754 n.
731 3688 796 3753 243
813 3687 970 3770 legimus:
993 3687 1157 3751 Πλουσίου
1172 3690 1276 3770 παρά-

204 3799 314 3882 κλησις
328 3805 460 3881 πτωχοῦ
475 3799 537 3880 βία.
562 3797 670 3876 Quam
685 3794 882 3881 Apostolius
898 3794 1003 3859 habet
1019 3792 1276 3879 explicationem

205 3926 227 3970 a
256 3902 411 3969 Katziule
446 3923 578 3989 quoque
606 3924 637 3968 n.
658 3902 724 3968 457
759 3904 929 3987 receptam
963 3900 1067 3965 Kurtz
1101 3901 1278 3986 impugnat

204 4010 330 4097 (Jahrb.
353 4010 376 4076 f.
392 4010 508 4076 Phssol.
525 4032 556 4075 u.
572 4009 652 4075 Pau.
673 4008 754 4075 1891
773 4030 803 4093 p.
821 4008 866 4094 6),
891 4008 948 4094 qui
963 4008 998 4074 id
1013 4029 1072 4092 per
1087 4006 1277 4089 analogiam

205 4119 337 4184 serioris
349 4116 462 4183 Latini
477 4116 657 4203 proverbii:
673 4115 872 4198 Magnetum
888 4136 1003 4201 preces
1017 4115 1155 4200 imperia
1169 4113 1276 4178 inter·

258 4231 372 4275 Petzold.
1081 4220 1098 4273 2
